Retailer,Retailer ID,Invoice Date,Region,State,City,Product,Price per Unit,Units Sold,Total Sales,Operating Profit,Operating Margin,Sales Method
Foot Locker,1185732,1/1/2020,Northeast,New York,New York,Men's Street Footwear,50,1200,600000,300000,0.5,In-store
Foot Locker,1185732,1/2/2020,Northeast,New York,New York,Men's Athletic Footwear,50,1000,500000,150000,0.3,In-store
Foot Locker,1185732,2/8/2020,Northeast,New York,New York,Women's Street Footwear,50,900,450000,157500,0.35,Outlet
Foot Locker,1185732,3/18/2020,Northeast,New York,New York,Women's Street Footwear,50,950,475000,166250,0.35,Outlet
Foot Locker,1185732,3/31/2020,Northeast,New York,New York,Women's Athletic Footwear,50,925,462500,161875,0.35,Outlet
Walmart,1185732,4/17/2020,Northeast,New York,New York,Men's Apparel,60,900,540000,162000,0.3,Outlet
Walmart,1185732,4/18/2020,Northeast,New York,New York,Women's Apparel,65,1075,698750,174687.5,0.25,Outlet
Walmart,1185732,4/19/2020,Northeast,New York,New York,Men's Street Footwear,60,1200,720000,360000,0.5,Outlet
Walmart,1185732,4/20/2020,Northeast,New York,New York,Men's Athletic Footwear,55,1000,550000,165000,0.3,Outlet
Walmart,1185732,4/21/2020,Northeast,New York,New York,Women's Street Footwear,50,925,462500,161875,0.35,Outlet
Walmart,1185732,4/22/2020,Northeast,New York,New York,Women's Athletic Footwear,50,900,450000,157500,0.35,Outlet
Walmart,1185732,4/23/2020,Northeast,New York,New York,Men's Apparel,60,900,540000,162000,0.3,Outlet
Walmart,1185732,4/24/2020,Northeast,New York,New York,Women's Apparel,65,1000,650000,162500,0.25,Outlet
Sports Direct,1197831,7/23/2020,South,Texas,Houston,Men's Apparel,40,550,220000,66000,0.3,Outlet
Sports Direct,1197831,7/24/2020,South,Texas,Houston,Women's Apparel,35,700,245000,122500,0.5,Outlet
Sports Direct,1197831,7/25/2020,South,Texas,Houston,Men's Street Footwear,25,850,212500,74375,0.35,Outlet
Sports Direct,1197831,7/26/2020,South,Texas,Houston,Men's Athletic Footwear,35,850,297500,104125,0.35,Outlet
Sports Direct,1197831,7/27/2020,South,Texas,Houston,Women's Street Footwear,35,675,236250,82687.5,0.35,Outlet
Sports Direct,1197831,7/28/2020,South,Texas,Houston,Women's Athletic Footwear,35,625,218750,98437.5,0.45,Outlet
Sports Direct,1197831,7/29/2020,South,Texas,Houston,Men's Apparel,40,500,200000,60000,0.3,Outlet
Sports Direct,1197831,7/30/2020,South,Texas,Houston,Women's Apparel,35,700,245000,122500,0.5,Outlet
Walmart,1197831,8/28/2020,South,Texas,Houston,Men's Apparel,45,700,315000,94500,0.3,Outlet
Walmart,1197831,8/29/2020,South,Texas,Houston,Women's Apparel,50,975,487500,243750,0.5,Outlet
Walmart,1197831,10/20/2020,South,Texas,Houston,Men's Street Footwear,45,900,405000,141750,0.35,Outlet
Walmart,1197831,10/21/2020,South,Texas,Houston,Men's Athletic Footwear,45,900,405000,141750,0.35,Outlet
Walmart,1197831,10/22/2020,South,Texas,Houston,Women's Street Footwear,50,825,412500,144375,0.35,Outlet
Walmart,1197831,10/23/2020,South,Texas,Houston,Women's Athletic Footwear,50,675,337500,151875,0.45,Outlet
Walmart,1197831,10/24/2020,South,Texas,Houston,Men's Apparel,45,650,292500,87750,0.3,Outlet
Walmart,1197831,10/31/2020,South,Texas,Houston,Women's Apparel,55,900,495000,247500,0.5,Outlet
West Gear,1128299,11/1/2020,South,Texas,Houston,Men's Street Footwear,40,775,310000,108500,0.35,Outlet
West Gear,1128299,11/2/2020,South,Texas,Houston,Men's Athletic Footwear,50,775,387500,77500,0.2,Outlet
West Gear,1128299,11/3/2020,South,Texas,Houston,Women's Street Footwear,50,775,387500,135625,0.35,Outlet
West Gear,1128299,11/4/2020,South,Texas,Houston,Women's Athletic Footwear,50,625,312500,93750,0.3,Outlet
Kohl's,1189833,5/11/2021,West,California,Los Angeles,Men's Apparel,60,650,390000,214500,0.55,Outlet
Kohl's,1189833,5/12/2021,West,California,Los Angeles,Women's Apparel,65,700,455000,91000,0.2,Outlet
Kohl's,1189833,5/13/2021,West,California,Los Angeles,Men's Street Footwear,50,800,400000,160000,0.4,Outlet
Kohl's,1189833,5/14/2021,West,California,Los Angeles,Men's Athletic Footwear,55,800,440000,110000,0.25,Outlet
Kohl's,1189833,5/15/2021,West,California,Los Angeles,Women's Street Footwear,50,650,325000,130000,0.4,Outlet
Kohl's,1189833,5/16/2021,West,California,Los Angeles,Women's Athletic Footwear,50,625,312500,109375,0.35,Outlet
Kohl's,1189833,5/17/2021,West,California,Los Angeles,Men's Apparel,60,600,360000,198000,0.55,Outlet
Kohl's,1189833,5/18/2021,West,California,Los Angeles,Women's Apparel,65,650,422500,84500,0.2,Outlet
Kohl's,1189833,5/19/2021,West,California,Los Angeles,Men's Street Footwear,50,825,412500,165000,0.4,Outlet
Kohl's,1189833,5/20/2021,West,California,Los Angeles,Men's Athletic Footwear,55,825,453750,113437.5,0.25,Outlet
Kohl's,1189833,5/21/2021,West,California,Los Angeles,Women's Street Footwear,50,675,337500,135000,0.4,Outlet
Kohl's,1189833,5/22/2021,West,California,Los Angeles,Women's Athletic Footwear,50,650,325000,113750,0.35,Outlet
Kohl's,1189833,5/23/2021,West,California,Los Angeles,Men's Apparel,60,600,360000,198000,0.55,Outlet
Kohl's,1189833,5/24/2021,West,California,Los Angeles,Women's Apparel,65,700,455000,91000,0.2,Outlet
Kohl's,1189833,5/25/2021,West,California,Los Angeles,Men's Street Footwear,50,900,450000,180000,0.4,Outlet
Kohl's,1189833,5/26/2021,West,California,Los Angeles,Men's Athletic Footwear,55,900,495000,123750,0.25,Outlet
Kohl's,1189833,5/27/2021,West,California,Los Angeles,Women's Street Footwear,50,700,350000,140000,0.4,Outlet
Kohl's,1189833,5/28/2021,West,California,Los Angeles,Women's Athletic Footwear,50,700,350000,122500,0.35,Outlet
Kohl's,1189833,5/29/2021,West,California,Los Angeles,Men's Apparel,60,625,375000,206250,0.55,Outlet
Kohl's,1189833,5/30/2021,West,California,Los Angeles,Women's Apparel,65,725,471250,94250,0.2,Outlet
Foot Locker,1185732,5/31/2021,West,California,Los Angeles,Men's Street Footwear,45,475,213750,85500,0.4,Outlet
Foot Locker,1185732,6/1/2021,West,California,Los Angeles,Men's Athletic Footwear,45,275,123750,43312.5,0.35,Outlet
Foot Locker,1185732,6/2/2021,West,California,Los Angeles,Women's Street Footwear,35,275,96250,33687.5,0.35,Outlet
Foot Locker,1185732,6/3/2021,West,California,Los Angeles,Women's Athletic Footwear,40,125,50000,20000,0.4,Outlet
Foot Locker,1185732,6/4/2021,Midwest,Illinois,Chicago,Men's Apparel,55,175,96250,33687.5,0.35,Outlet
Foot Locker,1185732,6/5/2021,Midwest,Illinois,Chicago,Women's Apparel,45,275,123750,61875,0.5,Outlet
Foot Locker,1185732,6/6/2021,Midwest,Illinois,Chicago,Men's Street Footwear,45,525,236250,94500,0.4,Outlet
Foot Locker,1185732,6/7/2021,Midwest,Illinois,Chicago,Men's Athletic Footwear,45,175,78750,27562.5,0.35,Outlet
Foot Locker,1185732,6/8/2021,Midwest,Illinois,Chicago,Women's Street Footwear,35,225,78750,27562.5,0.35,Outlet
Foot Locker,1185732,7/7/2021,Midwest,Illinois,Chicago,Men's Athletic Footwear,45,325,146250,51187.5,0.35,Outlet
Foot Locker,1185732,7/8/2021,Midwest,Illinois,Chicago,Women's Street Footwear,40,250,100000,35000,0.35,Outlet
Foot Locker,1185732,7/9/2021,Midwest,Illinois,Chicago,Women's Athletic Footwear,40,200,80000,32000,0.4,Outlet
Foot Locker,1185732,7/10/2021,Midwest,Illinois,Chicago,Men's Apparel,50,225,112500,39375,0.35,Outlet
Foot Locker,1185732,7/11/2021,Midwest,Illinois,Chicago,Women's Apparel,55,400,220000,110000,0.5,Outlet
Foot Locker,1185732,7/12/2021,Midwest,Illinois,Chicago,Men's Street Footwear,50,500,250000,100000,0.4,Outlet
Foot Locker,1185732,7/13/2021,Midwest,Illinois,Chicago,Men's Athletic Footwear,45,300,135000,47250,0.35,Outlet
Foot Locker,1185732,7/14/2021,Midwest,Illinois,Chicago,Women's Street Footwear,40,200,80000,28000,0.35,Outlet
Foot Locker,1185732,7/15/2021,Midwest,Illinois,Chicago,Men's Apparel,60,150,90000,31500,0.35,Outlet
Foot Locker,1185732,7/16/2021,Midwest,Illinois,Chicago,Women's Apparel,65,250,162500,81250,0.5,Outlet
Foot Locker,1185732,7/17/2021,Midwest,Illinois,Chicago,Men's Street Footwear,60,500,300000,120000,0.4,Outlet
Foot Locker,1185732,7/18/2021,Midwest,Illinois,Chicago,Men's Athletic Footwear,50,300,150000,52500,0.35,Outlet
Foot Locker,1185732,7/19/2021,Midwest,Illinois,Chicago,Women's Street Footwear,50,250,125000,43750,0.35,Outlet
Foot Locker,1185732,7/20/2021,Midwest,Illinois,Chicago,Women's Athletic Footwear,50,200,100000,40000,0.4,Outlet
Foot Locker,1185732,7/21/2021,Midwest,Illinois,Chicago,Men's Apparel,60,200,120000,42000,0.35,Outlet
Foot Locker,1185732,7/22/2021,Midwest,Illinois,Chicago,Women's Apparel,65,300,195000,97500,0.5,Outlet
Foot Locker,1185732,7/23/2021,Midwest,Illinois,Chicago,Men's Street Footwear,20,725,145000,43500,0.3,Outlet
Foot Locker,1185732,7/24/2021,Midwest,Illinois,Chicago,Men's Athletic Footwear,30,725,217500,65250,0.3,Outlet
Foot Locker,1185732,7/25/2021,Midwest,Illinois,Chicago,Women's Street Footwear,30,525,157500,47250,0.3,Outlet
Foot Locker,1185732,7/26/2021,Midwest,Illinois,Chicago,Women's Athletic Footwear,35,525,183750,73500,0.4,Outlet
Foot Locker,1185732,7/27/2021,South,Texas,Dallas,Men's Apparel,40,375,150000,37500,0.25,Outlet
Foot Locker,1185732,7/28/2021,South,Texas,Dallas,Women's Apparel,35,525,183750,82687.5,0.45,Outlet
Foot Locker,1185732,7/29/2021,South,Texas,Dallas,Men's Street Footwear,25,675,168750,50625,0.3,Outlet
Foot Locker,1185732,7/30/2021,South,Texas,Dallas,Men's Athletic Footwear,35,650,227500,68250,0.3,Outlet
Foot Locker,1185732,7/31/2021,South,Texas,Dallas,Women's Street Footwear,35,475,166250,49875,0.3,Outlet
Foot Locker,1185732,8/1/2021,South,Texas,Dallas,Men's Athletic Footwear,60,825,495000,198000,0.4,Outlet
Foot Locker,1185732,8/2/2021,South,Texas,Dallas,Women's Street Footwear,65,725,471250,188500,0.4,Outlet
Foot Locker,1185732,8/3/2021,South,Texas,Dallas,Women's Athletic Footwear,65,575,373750,186875,0.5,Outlet
Foot Locker,1185732,8/4/2021,South,Texas,Dallas,Men's Apparel,60,525,315000,110250,0.35,Outlet
Foot Locker,1185732,8/5/2021,South,Texas,Dallas,Women's Apparel,70,775,542500,298375,0.55,Outlet
Foot Locker,1185732,8/6/2021,South,Texas,Dallas,Men's Street Footwear,45,425,191250,105187.5,0.55,Outlet
Foot Locker,1185732,8/7/2021,South,Texas,Dallas,Men's Athletic Footwear,45,225,101250,35437.5,0.35,Outlet
Foot Locker,1185732,8/8/2021,South,Texas,Dallas,Women's Street Footwear,35,225,78750,31500,0.4,Outlet
Foot Locker,1185732,8/9/2021,South,Texas,Dallas,Women's Athletic Footwear,40,75,30000,12000,0.4,Outlet
Foot Locker,1185732,8/10/2021,Northeast,Pennsylvania,Philadelphia,Men's Apparel,55,125,68750,24062.5,0.35,Outlet
Sports Direct,1197831,8/11/2021,Northeast,Pennsylvania,Philadelphia,Women's Apparel,45,225,101250,30375,0.3,Outlet
Sports Direct,1197831,8/12/2021,Northeast,Pennsylvania,Philadelphia,Women's Street Footwear,55,225,123750,49500,0.4,Outlet
Sports Direct,1197831,8/13/2021,Northeast,Pennsylvania,Philadelphia,Women's Athletic Footwear,55,200,110000,44000,0.4,Outlet
Sports Direct,1197831,8/14/2021,Northeast,Pennsylvania,Philadelphia,Men's Apparel,65,175,113750,39812.5,0.35,Outlet
Sports Direct,1197831,8/15/2021,Northeast,Pennsylvania,Philadelphia,Women's Apparel,70,350,245000,73500,0.3,Outlet
Sports Direct,1197831,8/16/2021,Northeast,Pennsylvania,Philadelphia,Men's Street Footwear,65,475,308750,154375,0.5,Outlet
Sports Direct,1197831,8/17/2021,Northeast,Pennsylvania,Philadelphia,Men's Athletic Footwear,50,275,137500,41250,0.3,Outlet
Sports Direct,1197831,8/18/2021,Northeast,Pennsylvania,Philadelphia,Men's Apparel,70,150,105000,36750,0.35,Outlet
Sports Direct,1197831,8/19/2021,Northeast,Pennsylvania,Philadelphia,Women's Apparel,75,250,187500,56250,0.3,Outlet
Sports Direct,1197831,9/26/2021,Northeast,Pennsylvania,Philadelphia,Men's Street Footwear,70,475,332500,182875,0.55,Outlet
Sports Direct,1197831,9/27/2021,West,Nevada,Las Vegas,Men's Apparel,50,250,125000,68750,0.55,Outlet
Sports Direct,1197831,9/28/2021,West,Nevada,Las Vegas,Women's Apparel,45,475,213750,42750,0.2,Outlet
Sports Direct,1197831,9/29/2021,West,Nevada,Las Vegas,Men's Street Footwear,35,525,183750,73500,0.4,Outlet
Sports Direct,1197831,9/30/2021,West,Nevada,Las Vegas,Men's Athletic Footwear,65,550,357500,107250,0.3,Outlet
Sports Direct,1197831,10/1/2021,West,Nevada,Las Vegas,Women's Street Footwear,65,550,357500,160875,0.45,Outlet
Sports Direct,1197831,10/2/2021,West,Nevada,Las Vegas,Women's Athletic Footwear,60,425,255000,102000,0.4,Outlet
Sports Direct,1197831,10/3/2021,West,Nevada,Las Vegas,Men's Apparel,65,300,195000,117000,0.6,Outlet
Sports Direct,1197831,10/4/2021,West,Nevada,Las Vegas,Women's Street Footwear,60,375,225000,78750,0.35,In-store
Sports Direct,1197831,10/5/2021,West,Nevada,Las Vegas,Women's Athletic Footwear,60,350,210000,63000,0.3,In-store
Sports Direct,1197831,10/6/2021,West,Nevada,Las Vegas,Men's Apparel,70,325,227500,113750,0.5,In-store
Sports Direct,1197831,10/7/2021,West,Nevada,Las Vegas,Women's Apparel,75,375,281250,42187.5,0.15,In-store
Sports Direct,1197831,10/8/2021,West,Nevada,Las Vegas,Men's Street Footwear,60,575,345000,120750,0.35,In-store
Sports Direct,1197831,10/9/2021,West,Nevada,Las Vegas,Men's Athletic Footwear,65,575,373750,74750,0.2,In-store
Sports Direct,1197831,10/10/2021,West,Nevada,Las Vegas,Women's Street Footwear,60,425,255000,89250,0.35,In-store
Sports Direct,1197831,10/11/2021,West,Nevada,Las Vegas,Women's Athletic Footwear,60,400,240000,72000,0.3,In-store
Sports Direct,1197831,10/12/2021,West,Nevada,Las Vegas,Men's Apparel,70,350,245000,122500,0.5,In-store
Sports Direct,1197831,10/13/2021,West,Colorado,Denver,Men's Apparel,45,225,101250,50625,0.5,In-store
Sports Direct,1197831,10/14/2021,West,Colorado,Denver,Women's Apparel,40,475,190000,28500,0.15,In-store
Sports Direct,1197831,10/15/2021,West,Colorado,Denver,Men's Street Footwear,30,525,157500,55125,0.35,In-store
Sports Direct,1197831,10/16/2021,West,Colorado,Denver,Men's Athletic Footwear,40,425,170000,34000,0.2,In-store
Sports Direct,1197831,10/17/2021,West,Colorado,Denver,Women's Street Footwear,40,425,170000,59500,0.35,In-store
Sports Direct,1197831,10/18/2021,West,Colorado,Denver,Women's Apparel,80,400,320000,80000,0.25,In-store
Sports Direct,1197831,10/19/2021,West,Colorado,Denver,Men's Street Footwear,65,600,390000,156000,0.4,In-store
Sports Direct,1197831,10/20/2021,West,Colorado,Denver,Men's Athletic Footwear,70,600,420000,105000,0.25,In-store
Sports Direct,1197831,10/21/2021,West,Colorado,Denver,Women's Street Footwear,65,450,292500,117000,0.4,In-store
Foot Locker,1185732,10/22/2021,West,Colorado,Denver,Men's Athletic Footwear,70,700,490000,122500,0.25,In-store
Foot Locker,1185732,10/23/2021,West,Colorado,Denver,Women's Street Footwear,65,500,325000,130000,0.4,In-store
Foot Locker,1185732,10/24/2021,West,Colorado,Denver,Women's Athletic Footwear,65,500,325000,113750,0.35,In-store
Foot Locker,1185732,10/25/2021,West,Colorado,Denver,Men's Apparel,75,425,318750,175312.5,0.55,In-store
Foot Locker,1185732,10/26/2021,West,Colorado,Denver,Women's Apparel,80,525,420000,84000,0.2,In-store
Foot Locker,1185732,10/27/2021,West,Colorado,Denver,Men's Street Footwear,40,450,180000,54000,0.3,In-store
Foot Locker,1185732,12/5/2021,West,Colorado,Denver,Men's Athletic Footwear,50,450,225000,56250,0.25,In-store
Foot Locker,1185732,12/6/2021,West,Colorado,Denver,Women's Street Footwear,50,450,225000,56250,0.25,In-store
Foot Locker,1185732,12/7/2021,West,Colorado,Denver,Women's Athletic Footwear,50,300,150000,45000,0.3,In-store
Foot Locker,1185732,12/8/2021,West,Washington,Seattle,Men's Apparel,55,250,137500,34375,0.25,In-store
Foot Locker,1185732,12/9/2021,West,Washington,Seattle,Women's Street Footwear,80,625,500000,125000,0.25,In-store
Foot Locker,1185732,12/10/2021,West,Washington,Seattle,Women's Athletic Footwear,80,500,400000,120000,0.3,In-store
Foot Locker,1185732,12/25/2021,West,Washington,Seattle,Men's Apparel,85,375,318750,79687.5,0.25,In-store
Foot Locker,1185732,12/26/2021,Southeast,Florida,Miami,Men's Apparel,55,750,412500,144375,0.35,In-store
Foot Locker,1185732,12/27/2021,Southeast,Florida,Miami,Women's Apparel,45,850,382500,191250,0.5,In-store
West Gear,1128299,1/6/2020,Southeast,Florida,Miami,Women's Street Footwear,50,725,362500,90625,0.25,In-store
West Gear,1128299,1/7/2020,Southeast,Florida,Miami,Women's Athletic Footwear,50,700,350000,105000,0.3,In-store
West Gear,1128299,1/8/2020,Southeast,Florida,Miami,Men's Apparel,60,700,420000,147000,0.35,In-store
West Gear,1128299,2/2/2020,Southeast,Florida,Miami,Women's Apparel,65,825,536250,268125,0.5,In-store
West Gear,1128299,2/3/2020,Southeast,Florida,Miami,Men's Street Footwear,60,975,585000,263250,0.45,In-store
West Gear,1128299,2/4/2020,Southeast,Florida,Miami,Men's Athletic Footwear,50,800,400000,140000,0.35,In-store
West Gear,1128299,2/5/2020,Southeast,Florida,Miami,Women's Street Footwear,50,745,372500,93125,0.25,In-store
West Gear,1128299,2/27/2020,Southeast,Florida,Miami,Women's Athletic Footwear,50,775,387500,116250,0.3,In-store
West Gear,1128299,2/28/2020,Southeast,Florida,Miami,Men's Apparel,65,750,487500,170625,0.35,In-store
West Gear,1128299,3/1/2020,Midwest,Minnesota,Minneapolis,Men's Apparel,45,150,67500,20250,0.3,In-store
West Gear,1128299,3/2/2020,Midwest,Minnesota,Minneapolis,Women's Apparel,35,250,87500,39375,0.45,In-store
West Gear,1128299,3/3/2020,Midwest,Minnesota,Minneapolis,Men's Street Footwear,35,500,175000,61250,0.35,In-store
West Gear,1128299,3/4/2020,Midwest,Minnesota,Minneapolis,Men's Athletic Footwear,35,150,52500,15750,0.3,In-store
West Gear,1128299,3/5/2020,Midwest,Minnesota,Minneapolis,Women's Street Footwear,25,200,50000,15000,0.3,In-store
West Gear,1128299,3/6/2020,Midwest,Minnesota,Minneapolis,Women's Athletic Footwear,30,75,22500,7875,0.35,In-store
West Gear,1128299,3/7/2020,Midwest,Minnesota,Minneapolis,Men's Apparel,45,150,67500,20250,0.3,In-store
West Gear,1128299,3/19/2020,Midwest,Minnesota,Minneapolis,Women's Apparel,35,225,78750,35437.5,0.45,In-store
West Gear,1128299,3/20/2020,Midwest,Minnesota,Minneapolis,Men's Street Footwear,40,445,178000,62300,0.35,In-store
West Gear,1128299,3/21/2020,Midwest,Minnesota,Minneapolis,Men's Athletic Footwear,45,300,135000,40500,0.3,Outlet
West Gear,1128299,3/22/2020,Midwest,Minnesota,Minneapolis,Women's Street Footwear,40,225,90000,27000,0.3,Outlet
West Gear,1128299,3/23/2020,Midwest,Minnesota,Minneapolis,Women's Athletic Footwear,40,175,70000,24500,0.35,Outlet
West Gear,1128299,3/24/2020,Midwest,Minnesota,Minneapolis,Men's Apparel,50,200,100000,30000,0.3,Outlet
West Gear,1128299,3/25/2020,Midwest,Minnesota,Minneapolis,Women's Apparel,55,375,206250,92812.5,0.45,Outlet
West Gear,1128299,3/26/2020,Midwest,Minnesota,Minneapolis,Men's Street Footwear,50,525,262500,91875,0.35,Outlet
West Gear,1128299,3/27/2020,Midwest,Minnesota,Minneapolis,Men's Athletic Footwear,45,300,135000,40500,0.3,Outlet
West Gear,1128299,3/28/2020,Midwest,Minnesota,Minneapolis,Women's Street Footwear,40,225,90000,27000,0.3,Outlet
West Gear,1128299,3/29/2020,Midwest,Minnesota,Minneapolis,Women's Athletic Footwear,35,175,61250,21437.5,0.35,Outlet
West Gear,1128299,3/30/2020,Midwest,Minnesota,Minneapolis,Men's Apparel,45,150,67500,20250,0.3,Outlet
West Gear,1128299,3/31/2020,Midwest,Minnesota,Minneapolis,Women's Apparel,50,325,162500,73125,0.45,Outlet
West Gear,1128299,4/15/2020,Midwest,Minnesota,Minneapolis,Men's Street Footwear,45,450,202500,70875,0.35,Outlet
West Gear,1128299,4/16/2020,Midwest,Minnesota,Minneapolis,Men's Athletic Footwear,40,250,100000,30000,0.3,Outlet
West Gear,1128299,4/17/2020,Midwest,Minnesota,Minneapolis,Women's Street Footwear,25,150,37500,11250,0.3,Outlet
West Gear,1128299,4/18/2020,Midwest,Minnesota,Minneapolis,Women's Athletic Footwear,25,125,31250,10937.5,0.35,Outlet
West Gear,1128299,4/19/2020,Midwest,Minnesota,Minneapolis,Men's Apparel,35,125,43750,13125,0.3,Outlet
West Gear,1128299,4/20/2020,Midwest,Montana,Billings,Men's Apparel,50,275,137500,82500,0.6,Outlet
West Gear,1128299,4/21/2020,Midwest,Montana,Billings,Women's Apparel,45,475,213750,53437.5,0.25,Outlet
West Gear,1128299,4/22/2020,Midwest,Montana,Billings,Men's Street Footwear,35,525,183750,82687.5,0.45,Outlet
West Gear,1128299,4/23/2020,Midwest,Montana,Billings,Men's Street Footwear,40,675,270000,121500,0.45,Outlet
West Gear,1128299,4/24/2020,Midwest,Montana,Billings,Men's Athletic Footwear,45,525,236250,70875,0.3,Outlet
West Gear,1128299,4/25/2020,Midwest,Montana,Billings,Women's Street Footwear,45,550,247500,111375,0.45,Outlet
West Gear,1128299,4/26/2020,Midwest,Montana,Billings,Women's Athletic Footwear,40,425,170000,68000,0.4,Outlet
West Gear,1128299,4/27/2020,Midwest,Montana,Billings,Men's Apparel,45,300,135000,81000,0.6,Outlet
West Gear,1128299,4/28/2020,Midwest,Montana,Billings,Women's Apparel,60,600,360000,90000,0.25,Outlet
West Gear,1128299,4/29/2020,Midwest,Montana,Billings,Men's Street Footwear,40,750,300000,135000,0.45,Outlet
West Gear,1128299,4/30/2020,Midwest,Montana,Billings,Men's Athletic Footwear,45,600,270000,81000,0.3,Outlet
West Gear,1128299,5/1/2020,Midwest,Montana,Billings,Women's Street Footwear,40,425,170000,76500,0.45,Outlet
West Gear,1128299,5/2/2020,Midwest,Montana,Billings,Women's Athletic Footwear,40,425,170000,68000,0.4,Outlet
West Gear,1128299,5/3/2020,Midwest,Montana,Billings,Men's Apparel,55,375,206250,123750,0.6,Outlet
West Gear,1128299,5/4/2020,Midwest,Montana,Billings,Women's Apparel,60,475,285000,71250,0.25,Outlet
West Gear,1128299,5/5/2020,Midwest,Montana,Billings,Men's Street Footwear,45,675,303750,136687.5,0.45,Outlet
West Gear,1128299,5/6/2020,Midwest,Montana,Billings,Men's Athletic Footwear,50,675,337500,101250,0.3,Outlet
West Gear,1128299,5/7/2020,Midwest,Montana,Billings,Women's Street Footwear,45,475,213750,96187.5,0.45,Outlet
West Gear,1128299,5/8/2020,Midwest,Montana,Billings,Women's Athletic Footwear,45,475,213750,85500,0.4,Outlet
West Gear,1128299,5/9/2020,South,Tennessee,Knoxville,Men's Apparel,40,350,140000,42000,0.3,Outlet
West Gear,1128299,5/10/2020,South,Tennessee,Knoxville,Women's Apparel,35,500,175000,87500,0.5,Outlet
West Gear,1128299,5/11/2020,South,Tennessee,Knoxville,Men's Street Footwear,25,650,162500,56875,0.35,Outlet
West Gear,1128299,5/12/2020,South,Tennessee,Knoxville,Women's Street Footwear,20,600,120000,48000,0.4,Outlet
West Gear,1128299,5/13/2020,South,Tennessee,Knoxville,Women's Athletic Footwear,30,525,157500,78750,0.5,Outlet
West Gear,1128299,5/14/2020,South,Tennessee,Knoxville,Men's Apparel,45,425,191250,66937.5,0.35,Outlet
West Gear,1128299,5/15/2020,South,Tennessee,Knoxville,Women's Apparel,40,775,310000,170500,0.55,Outlet
West Gear,1128299,5/16/2020,South,Tennessee,Knoxville,Men's Street Footwear,40,775,310000,124000,0.4,Outlet
West Gear,1128299,5/17/2020,South,Tennessee,Knoxville,Men's Athletic Footwear,45,775,348750,139500,0.4,Outlet
West Gear,1128299,5/18/2020,South,Tennessee,Knoxville,Women's Street Footwear,40,650,260000,104000,0.4,Outlet
West Gear,1128299,5/19/2020,South,Tennessee,Knoxville,Women's Athletic Footwear,40,600,240000,120000,0.5,Outlet
West Gear,1128299,5/20/2020,South,Tennessee,Knoxville,Women's Athletic Footwear,40,375,150000,82500,0.55,Outlet
West Gear,1128299,5/21/2020,South,Tennessee,Knoxville,Men's Apparel,35,350,122500,49000,0.4,Outlet
West Gear,1128299,5/22/2020,South,Tennessee,Knoxville,Women's Apparel,45,525,236250,141750,0.6,Outlet
West Gear,1128299,5/23/2020,South,Tennessee,Knoxville,Men's Street Footwear,30,675,202500,91125,0.45,Outlet
West Gear,1128299,5/24/2020,South,Tennessee,Knoxville,Men's Athletic Footwear,30,675,202500,91125,0.45,Outlet
West Gear,1128299,5/25/2020,South,Tennessee,Knoxville,Women's Street Footwear,55,600,330000,148500,0.45,Outlet
West Gear,1128299,5/26/2020,South,Tennessee,Knoxville,Women's Athletic Footwear,55,475,261250,143687.5,0.55,Outlet
West Gear,1128299,5/27/2020,South,Tennessee,Knoxville,Men's Apparel,55,450,247500,99000,0.4,Outlet
West Gear,1128299,5/28/2020,South,Tennessee,Knoxville,Women's Apparel,65,650,422500,253500,0.6,Outlet
West Gear,1128299,5/29/2020,South,Tennessee,Knoxville,Men's Street Footwear,55,800,440000,198000,0.45,Outlet
West Gear,1128299,5/30/2020,South,Tennessee,Knoxville,Men's Athletic Footwear,55,800,440000,198000,0.45,Outlet
West Gear,1128299,6/27/2020,South,Tennessee,Knoxville,Women's Street Footwear,60,700,420000,189000,0.45,Outlet
West Gear,1128299,6/28/2020,South,Tennessee,Knoxville,Women's Athletic Footwear,60,550,330000,181500,0.55,Outlet
West Gear,1128299,6/29/2020,South,Tennessee,Knoxville,Men's Apparel,55,500,275000,110000,0.4,Outlet
Foot Locker,1185732,8/10/2020,South,Tennessee,Knoxville,Women's Apparel,65,750,487500,292500,0.6,Outlet
Foot Locker,1185732,8/11/2020,South,Tennessee,Knoxville,Men's Street Footwear,35,425,148750,59500,0.4,Outlet
Foot Locker,1185732,8/12/2020,Midwest,Nebraska,Omaha,Men's Apparel,45,125,56250,19687.5,0.35,Outlet
Foot Locker,1185732,8/13/2020,Midwest,Nebraska,Omaha,Women's Apparel,35,225,78750,39375,0.5,Outlet
Foot Locker,1185732,8/14/2020,Midwest,Nebraska,Omaha,Men's Street Footwear,35,475,166250,66500,0.4,Outlet
West Gear,1185732,8/15/2020,Midwest,Nebraska,Omaha,Men's Athletic Footwear,35,125,43750,15312.5,0.35,Outlet
Foot Locker,1185732,8/16/2020,Midwest,Nebraska,Omaha,Men's Athletic Footwear,40,300,120000,42000,0.35,Outlet
Foot Locker,1185732,8/17/2020,Midwest,Nebraska,Omaha,Women's Street Footwear,35,225,78750,27562.5,0.35,Outlet
Foot Locker,1185732,9/21/2020,Midwest,Nebraska,Omaha,Women's Athletic Footwear,35,175,61250,24500,0.4,Outlet
Foot Locker,1185732,9/22/2020,Midwest,Nebraska,Omaha,Men's Apparel,45,175,78750,27562.5,0.35,Outlet
Foot Locker,1185732,9/23/2020,Midwest,Nebraska,Omaha,Women's Apparel,50,350,175000,87500,0.5,Outlet
Foot Locker,1185732,9/24/2020,Midwest,Nebraska,Omaha,Men's Street Footwear,45,500,225000,90000,0.4,Outlet
Sports Direct,1185732,9/25/2020,Midwest,Nebraska,Omaha,Men's Athletic Footwear,45,275,123750,43312.5,0.35,Outlet
Sports Direct,1185732,9/26/2020,South,Alabama,Birmingham,Men's Apparel,40,325,130000,45500,0.35,Outlet
Sports Direct,1185732,9/27/2020,South,Alabama,Birmingham,Women's Apparel,35,475,166250,91437.5,0.55,Outlet
Sports Direct,1185732,9/28/2020,South,Alabama,Birmingham,Men's Street Footwear,25,625,156250,62500,0.4,Outlet
Sports Direct,1185732,9/29/2020,South,Alabama,Birmingham,Men's Athletic Footwear,35,600,210000,84000,0.4,Outlet
Sports Direct,1185732,9/30/2020,South,Alabama,Birmingham,Women's Street Footwear,35,425,148750,59500,0.4,Outlet
Sports Direct,1185732,10/1/2020,South,Alabama,Birmingham,Women's Athletic Footwear,35,375,131250,65625,0.5,Outlet
Sports Direct,1185732,10/2/2020,South,Alabama,Birmingham,Men's Apparel,40,250,100000,35000,0.35,Outlet
Sports Direct,1185732,10/3/2020,South,Alabama,Birmingham,Women's Apparel,35,450,157500,86625,0.55,Outlet
Sports Direct,1185732,10/4/2020,South,Alabama,Birmingham,Men's Street Footwear,30,625,187500,84375,0.45,Outlet
Sports Direct,1185732,10/5/2020,South,Alabama,Birmingham,Men's Athletic Footwear,40,625,250000,112500,0.45,Outlet
Sports Direct,1185732,10/6/2020,South,Alabama,Birmingham,Women's Street Footwear,30,450,135000,60750,0.45,Outlet
Sports Direct,1185732,10/7/2020,South,Alabama,Birmingham,Women's Athletic Footwear,35,350,122500,67375,0.55,Outlet
Sports Direct,1185732,10/8/2020,South,Alabama,Birmingham,Men's Apparel,40,250,100000,40000,0.4,Outlet
Sports Direct,1185732,10/9/2020,South,Alabama,Birmingham,Women's Apparel,35,400,140000,84000,0.6,Outlet
Foot Locker,1185732,10/21/2020,South,Alabama,Birmingham,Men's Street Footwear,20,650,130000,58500,0.45,Outlet
Foot Locker,1185732,10/22/2020,South,Alabama,Birmingham,Men's Athletic Footwear,20,650,130000,58500,0.45,Outlet
Foot Locker,1185732,10/23/2020,South,Alabama,Birmingham,Women's Street Footwear,15,475,71250,32062.5,0.45,Outlet
Foot Locker,1185732,10/24/2020,South,Alabama,Birmingham,Women's Athletic Footwear,20,375,75000,41250,0.55,Outlet
Foot Locker,1185732,10/25/2020,South,Alabama,Birmingham,Men's Apparel,25,275,68750,27500,0.4,Outlet
Foot Locker,1185732,10/26/2020,South,Alabama,Birmingham,Women's Apparel,20,550,110000,66000,0.6,Outlet
Foot Locker,1185732,10/27/2020,South,Alabama,Birmingham,Men's Street Footwear,10,700,70000,31500,0.45,Outlet
Foot Locker,1185732,10/28/2020,Northeast,Maine,Portland,Men's Street Footwear,55,495,272250,95287.5,0.35,Outlet
Foot Locker,1185732,10/29/2020,Northeast,Maine,Portland,Men's Athletic Footwear,50,200,100000,35000,0.35,Outlet
Foot Locker,1185732,11/23/2020,Northeast,Maine,Portland,Women's Street Footwear,45,175,78750,31500,0.4,Outlet
Foot Locker,1185732,11/24/2020,Northeast,Maine,Portland,Women's Athletic Footwear,45,125,56250,16875,0.3,Outlet
Foot Locker,1185732,11/25/2020,Northeast,Maine,Portland,Men's Apparel,55,150,82500,20625,0.25,Outlet
Foot Locker,1185732,11/26/2020,Northeast,Maine,Portland,Women's Apparel,60,225,135000,54000,0.4,Outlet
Foot Locker,1185732,11/27/2020,Northeast,Maine,Portland,Men's Street Footwear,35,375,131250,32812.5,0.25,Outlet
Foot Locker,1185732,11/28/2020,Northeast,Maine,Portland,Men's Athletic Footwear,45,375,168750,33750,0.2,Outlet
Foot Locker,1185732,11/29/2020,Northeast,Maine,Portland,Women's Street Footwear,45,375,168750,42187.5,0.25,Outlet
Foot Locker,1185732,11/30/2020,Northeast,Maine,Portland,Women's Athletic Footwear,45,225,101250,25312.5,0.25,Outlet
Foot Locker,1185732,12/1/2020,West,Alaska,Anchorage,Men's Athletic Footwear,65,300,195000,68250,0.35,Outlet
Foot Locker,1185732,12/2/2020,West,Alaska,Anchorage,Women's Street Footwear,65,320,208000,52000,0.25,Outlet
Foot Locker,1185732,12/3/2020,West,Alaska,Anchorage,Women's Athletic Footwear,65,300,195000,48750,0.25,Outlet
Foot Locker,1185732,12/4/2020,West,Alaska,Anchorage,Men's Apparel,75,275,206250,51562.5,0.25,Outlet
Foot Locker,1185732,12/5/2020,West,Alaska,Anchorage,Women's Apparel,80,375,300000,90000,0.3,Outlet
Foot Locker,1185732,12/6/2020,West,Alaska,Anchorage,Men's Street Footwear,75,600,450000,157500,0.35,Outlet
Foot Locker,1185732,12/7/2020,West,Alaska,Anchorage,Men's Athletic Footwear,65,400,260000,91000,0.35,Outlet
Foot Locker,1185732,12/8/2020,West,Alaska,Anchorage,Men's Street Footwear,35,375,131250,32812.5,0.25,Outlet
Kohl's,1189833,1/1/2021,West,Alaska,Anchorage,Men's Athletic Footwear,45,375,168750,33750,0.2,Outlet
Kohl's,1189833,1/2/2021,West,Alaska,Anchorage,Women's Street Footwear,45,375,168750,42187.5,0.25,Outlet
Kohl's,1189833,1/3/2021,West,Alaska,Anchorage,Women's Athletic Footwear,45,225,101250,25312.5,0.25,Outlet
Kohl's,1189833,1/27/2021,West,Alaska,Anchorage,Men's Apparel,50,175,87500,13125,0.15,Outlet
Kohl's,1189833,1/28/2021,West,Alaska,Anchorage,Women's Apparel,45,425,191250,76500,0.4,Outlet
Kohl's,1189833,1/29/2021,West,Alaska,Anchorage,Men's Street Footwear,35,475,166250,41562.5,0.25,Outlet
Kohl's,1189833,1/30/2021,West,Alaska,Anchorage,Men's Athletic Footwear,45,375,168750,33750,0.2,Outlet
Kohl's,1189833,1/31/2021,West,Alaska,Anchorage,Women's Street Footwear,45,375,168750,42187.5,0.25,Outlet
Kohl's,1189833,2/1/2021,West,Hawaii,Honolulu,Women's Athletic Footwear,45,225,101250,25312.5,0.25,Outlet
Kohl's,1189833,2/2/2021,West,Hawaii,Honolulu,Men's Apparel,50,150,75000,11250,0.15,Outlet
Kohl's,1189833,2/3/2021,West,Hawaii,Honolulu,Women's Apparel,45,350,157500,63000,0.4,Outlet
Kohl's,1189833,2/28/2021,West,Hawaii,Honolulu,Men's Street Footwear,45,500,225000,56250,0.25,Outlet
Kohl's,1189833,3/1/2021,West,Hawaii,Honolulu,Men's Athletic Footwear,55,350,192500,38500,0.2,Outlet
Kohl's,1189833,3/2/2021,West,Hawaii,Honolulu,Women's Street Footwear,75,600,450000,112500,0.25,Outlet
Kohl's,1189833,3/3/2021,West,Hawaii,Honolulu,Women's Athletic Footwear,75,475,356250,89062.5,0.25,Outlet
Kohl's,1189833,3/4/2021,West,Hawaii,Honolulu,Men's Apparel,85,350,297500,44625,0.15,Outlet
Kohl's,1189833,3/5/2021,West,Hawaii,Honolulu,Women's Apparel,100,650,650000,260000,0.4,Outlet
Kohl's,1189833,3/6/2021,West,Hawaii,Honolulu,Men's Street Footwear,80,800,640000,160000,0.25,Outlet
Kohl's,1189833,3/7/2021,West,Hawaii,Honolulu,Men's Athletic Footwear,85,650,552500,110500,0.2,Outlet
Sports Direct,1197831,3/14/2021,West,Hawaii,Honolulu,Women's Street Footwear,85,600,510000,127500,0.25,Outlet
Sports Direct,1197831,3/15/2021,West,Hawaii,Honolulu,Women's Athletic Footwear,80,500,400000,100000,0.25,Outlet
Sports Direct,1197831,3/16/2021,West,Hawaii,Honolulu,Men's Apparel,85,550,467500,70125,0.15,Outlet
Sports Direct,1197831,4/5/2021,West,Hawaii,Honolulu,Women's Apparel,100,550,550000,220000,0.4,Outlet
Sports Direct,1197831,4/6/2021,West,Hawaii,Honolulu,Men's Street Footwear,55,525,288750,72187.5,0.25,Outlet
Sports Direct,1197831,4/7/2021,West,Hawaii,Honolulu,Men's Athletic Footwear,60,600,360000,72000,0.2,Outlet
Sports Direct,1197831,4/8/2021,West,Hawaii,Honolulu,Women's Street Footwear,55,425,233750,58437.5,0.25,Outlet
Sports Direct,1197831,4/9/2021,West,Hawaii,Honolulu,Men's Street Footwear,40,525,210000,63000,0.3,Outlet
Sports Direct,1197831,4/10/2021,West,Hawaii,Honolulu,Men's Athletic Footwear,50,425,212500,53125,0.25,Outlet
Sports Direct,1197831,4/11/2021,West,Hawaii,Honolulu,Women's Street Footwear,50,425,212500,63750,0.3,Outlet
Sports Direct,1197831,4/12/2021,Southeast,Florida,Orlando,Women's Athletic Footwear,50,275,137500,41250,0.3,Outlet
Sports Direct,1197831,5/6/2021,Southeast,Florida,Orlando,Men's Apparel,55,200,110000,22000,0.2,Outlet
Sports Direct,1197831,5/7/2021,Southeast,Florida,Orlando,Women's Apparel,50,400,200000,90000,0.45,Outlet
Sports Direct,1197831,5/8/2021,Southeast,Florida,Orlando,Men's Street Footwear,50,550,275000,82500,0.3,Outlet
Sports Direct,1197831,5/9/2021,Southeast,Florida,Orlando,Men's Athletic Footwear,60,400,240000,60000,0.25,Outlet
Sports Direct,1197831,5/10/2021,Southeast,Florida,Orlando,Women's Street Footwear,65,425,276250,82875,0.3,Outlet
Sports Direct,1197831,5/11/2021,Southeast,Florida,Orlando,Women's Athletic Footwear,60,325,195000,58500,0.3,Outlet
Sports Direct,1197831,5/12/2021,Southeast,Florida,Orlando,Men's Apparel,65,175,113750,22750,0.2,Outlet
Sports Direct,1197831,5/13/2021,Southeast,Florida,Orlando,Women's Apparel,60,375,225000,101250,0.45,Outlet
Sports Direct,1197831,5/14/2021,Southeast,Florida,Orlando,Men's Street Footwear,65,550,357500,107250,0.3,Outlet
Sports Direct,1197831,5/15/2021,Southeast,Florida,Orlando,Men's Athletic Footwear,70,350,245000,61250,0.25,Outlet
Sports Direct,1197831,5/16/2021,Southeast,Florida,Orlando,Women's Street Footwear,70,400,280000,84000,0.3,Outlet
Sports Direct,1197831,5/17/2021,Southeast,Florida,Orlando,Women's Athletic Footwear,55,300,165000,49500,0.3,Outlet
Sports Direct,1197831,5/18/2021,Southeast,Florida,Orlando,Women's Apparel,110,650,715000,321750,0.45,In-store
Sports Direct,1197831,5/19/2021,Southeast,Florida,Orlando,Men's Street Footwear,95,850,807500,242250,0.3,In-store
Sports Direct,1197831,5/20/2021,Southeast,Florida,Orlando,Men's Athletic Footwear,85,825,701250,175312.5,0.25,In-store
Foot Locker,1185732,5/21/2021,Southeast,Florida,Orlando,Women's Street Footwear,80,700,560000,168000,0.3,In-store
Foot Locker,1185732,5/25/2021,Southeast,Florida,Orlando,Women's Athletic Footwear,80,475,380000,114000,0.3,In-store
Foot Locker,1185732,5/26/2021,Southeast,Florida,Orlando,Men's Apparel,80,475,380000,76000,0.2,In-store
Foot Locker,1185732,5/27/2021,Southeast,Florida,Orlando,Women's Apparel,85,300,255000,114750,0.45,In-store
Foot Locker,1185732,5/28/2021,Southeast,Florida,Orlando,Men's Street Footwear,60,500,300000,90000,0.3,In-store
Foot Locker,1185732,6/27/2021,Southeast,Florida,Orlando,Men's Athletic Footwear,45,550,247500,86625,0.35,In-store
Foot Locker,1185732,6/28/2021,Southeast,Florida,Orlando,Women's Street Footwear,35,600,210000,52500,0.25,In-store
Foot Locker,1185732,6/29/2021,Northeast,New York,Albany,Women's Apparel,45,575,258750,129375,0.5,In-store
Foot Locker,1185732,6/30/2021,Northeast,New York,Albany,Men's Street Footwear,45,825,371250,167062.5,0.45,In-store
Foot Locker,1185732,7/1/2021,Northeast,New York,Albany,Men's Athletic Footwear,45,525,236250,82687.5,0.35,In-store
Foot Locker,1185732,7/2/2021,Northeast,New York,Albany,Women's Street Footwear,35,525,183750,45937.5,0.25,In-store
Foot Locker,1185732,7/3/2021,Northeast,New York,Albany,Women's Athletic Footwear,40,450,180000,54000,0.3,In-store
Sports Direct,1197831,8/5/2021,Northeast,New York,Albany,Men's Apparel,55,475,261250,91437.5,0.35,In-store
Sports Direct,1197831,8/6/2021,Northeast,New York,Albany,Women's Apparel,45,600,270000,135000,0.5,In-store
Sports Direct,1197831,8/7/2021,Northeast,New York,Albany,Men's Street Footwear,55,870,478500,215325,0.45,In-store
Sports Direct,1197831,8/8/2021,Northeast,New York,Albany,Men's Athletic Footwear,55,575,316250,110687.5,0.35,In-store
Sports Direct,1197831,8/9/2021,Northeast,New York,Albany,Women's Street Footwear,50,550,275000,68750,0.25,In-store
Sports Direct,1197831,8/10/2021,Northeast,New York,Albany,Women's Athletic Footwear,50,500,250000,75000,0.3,In-store
Sports Direct,1197831,8/11/2021,Northeast,New York,Albany,Men's Apparel,60,525,315000,110250,0.35,In-store
Sports Direct,1197831,8/12/2021,Northeast,New York,Albany,Women's Apparel,65,625,406250,203125,0.5,In-store
Sports Direct,1197831,8/13/2021,Northeast,New York,Albany,Men's Street Footwear,60,875,525000,236250,0.45,In-store
Sports Direct,1197831,8/14/2021,Northeast,New York,Albany,Men's Athletic Footwear,40,600,240000,72000,0.3,In-store
Sports Direct,1197831,8/15/2021,Northeast,New York,Albany,Women's Street Footwear,30,600,180000,63000,0.35,In-store
Sports Direct,1197831,8/16/2021,Northeast,New York,Albany,Women's Athletic Footwear,35,450,157500,55125,0.35,In-store
Sports Direct,1197831,8/17/2021,Northeast,New York,Albany,Men's Apparel,50,500,250000,75000,0.3,In-store
Sports Direct,1197831,8/18/2021,Northeast,New York,Albany,Women's Apparel,40,600,240000,60000,0.25,In-store
Sports Direct,1197831,8/19/2021,Northeast,New York,Albany,Men's Street Footwear,40,850,340000,170000,0.5,In-store
Sports Direct,1197831,8/20/2021,Northeast,New York,Albany,Men's Athletic Footwear,40,500,200000,60000,0.3,In-store
Sports Direct,1197831,8/21/2021,West,Wyoming,Cheyenne,Women's Athletic Footwear,35,425,148750,52062.5,0.35,In-store
Sports Direct,1197831,8/22/2021,West,Wyoming,Cheyenne,Men's Apparel,50,500,250000,75000,0.3,In-store
Sports Direct,1197831,8/23/2021,West,Wyoming,Cheyenne,Women's Apparel,40,600,240000,60000,0.25,In-store
Sports Direct,1197831,8/24/2021,West,Wyoming,Cheyenne,Women's Athletic Footwear,40,525,210000,73500,0.35,In-store
Sports Direct,1197831,8/25/2021,West,Wyoming,Cheyenne,Men's Athletic Footwear,40,350,140000,49000,0.35,In-store
Amazon,1185732,11/5/2021,West,Wyoming,Cheyenne,Women's Street Footwear,40,350,140000,49000,0.35,In-store
Amazon,1185732,11/6/2021,West,Wyoming,Cheyenne,Women's Athletic Footwear,40,200,80000,28000,0.35,In-store
Amazon,1185732,11/7/2021,West,Wyoming,Cheyenne,Men's Apparel,45,150,67500,27000,0.4,In-store
Amazon,1185732,11/8/2021,West,Wyoming,Cheyenne,Women's Apparel,40,400,160000,48000,0.3,In-store
Amazon,1185732,11/9/2021,West,Wyoming,Cheyenne,Men's Street Footwear,30,450,135000,47250,0.35,In-store
Amazon,1185732,9/17/2021,West,Wyoming,Cheyenne,Men's Athletic Footwear,40,350,140000,49000,0.35,In-store
West Gear,1128299,1/10/2021,West,Wyoming,Cheyenne,Women's Street Footwear,40,350,140000,49000,0.35,In-store
West Gear,1128299,1/10/2021,Southeast,Virginia,Richmond,Women's Athletic Footwear,40,200,80000,28000,0.35,In-store
West Gear,1128299,1/10/2021,Southeast,Virginia,Richmond,Men's Apparel,45,125,56250,22500,0.4,In-store
West Gear,1128299,1/10/2021,Southeast,Virginia,Richmond,Men's Athletic Footwear,55,450,247500,86625,0.35,In-store
Amazon,1185732,11/21/2021,Southeast,Virginia,Richmond,Women's Street Footwear,50,250,125000,43750,0.35,In-store
Amazon,1185732,11/21/2021,Southeast,Virginia,Richmond,Women's Athletic Footwear,50,200,100000,35000,0.35,In-store
Amazon,1185732,11/21/2021,Southeast,Virginia,Richmond,Men's Apparel,60,225,135000,54000,0.4,In-store
Amazon,1185732,11/21/2021,Southeast,Virginia,Richmond,Women's Apparel,45,250,112500,33750,0.3,In-store
Amazon,1185732,11/21/2021,Southeast,Virginia,Richmond,Men's Street Footwear,40,350,140000,49000,0.35,In-store
Amazon,1185732,12/20/2021,Southeast,Virginia,Richmond,Men's Athletic Footwear,55,525,288750,101062.5,0.35,In-store
Amazon,1185732,12/20/2021,Southeast,Virginia,Richmond,Women's Street Footwear,50,350,175000,61250,0.35,In-store
Foot Locker,1128299,1/10/2021,Southeast,Virginia,Richmond,Women's Athletic Footwear,45,325,146250,51187.5,0.35,In-store
Foot Locker,1128299,1/10/2021,Southeast,Virginia,Richmond,Men's Apparel,55,300,165000,66000,0.4,In-store
Foot Locker,1128299,1/10/2021,Southeast,Virginia,Richmond,Men's Athletic Footwear,35,450,157500,63000,0.4,In-store
Foot Locker,1128299,1/10/2021,Southeast,Virginia,Richmond,Women's Street Footwear,25,500,125000,37500,0.3,In-store
Foot Locker,1128299,1/10/2021,Midwest,Michigan,Detroit,Women's Athletic Footwear,30,375,112500,39375,0.35,In-store
Foot Locker,1128299,1/10/2021,Midwest,Michigan,Detroit,Men's Apparel,45,450,202500,81000,0.4,In-store
Foot Locker,1128299,2/10/2021,Midwest,Michigan,Detroit,Women's Apparel,35,550,192500,105875,0.55,In-store
Foot Locker,1128299,2/10/2021,Midwest,Michigan,Detroit,Women's Athletic Footwear,35,525,183750,64312.5,0.35,In-store
Foot Locker,1128299,2/10/2021,Midwest,Michigan,Detroit,Men's Apparel,45,500,225000,90000,0.4,In-store
Foot Locker,1128299,2/10/2021,Midwest,Michigan,Detroit,Women's Apparel,50,675,337500,185625,0.55,In-store
Foot Locker,1128299,2/10/2021,Midwest,Michigan,Detroit,Men's Street Footwear,45,800,360000,180000,0.5,In-store
Foot Locker,1128299,2/10/2021,Midwest,Michigan,Detroit,Men's Athletic Footwear,40,600,240000,96000,0.4,In-store
Foot Locker,1128299,3/9/2021,Midwest,Michigan,Detroit,Women's Street Footwear,35,500,175000,52500,0.3,In-store
Foot Locker,1128299,3/9/2021,Midwest,Michigan,Detroit,Women's Street Footwear,20,375,75000,26250,0.35,In-store
Foot Locker,1128299,6/10/2021,Midwest,Missouri,St. Louis,Women's Athletic Footwear,25,250,62500,25000,0.4,In-store
Foot Locker,1128299,6/10/2021,Midwest,Missouri,St. Louis,Men's Street Footwear,40,750,300000,120000,0.4,In-store
Foot Locker,1128299,6/10/2021,Midwest,Missouri,St. Louis,Men's Athletic Footwear,35,500,175000,61250,0.35,In-store
Foot Locker,1128299,6/10/2021,Midwest,Missouri,St. Louis,Women's Street Footwear,30,425,127500,44625,0.35,In-store
Foot Locker,1128299,7/9/2021,Midwest,Missouri,St. Louis,Women's Athletic Footwear,30,375,112500,45000,0.4,In-store
Foot Locker,1128299,7/9/2021,Midwest,Missouri,St. Louis,Men's Apparel,40,375,150000,52500,0.35,In-store
Foot Locker,1128299,7/9/2021,Midwest,Missouri,St. Louis,Women's Apparel,45,550,247500,123750,0.5,In-store
Foot Locker,1128299,7/9/2021,Midwest,Missouri,St. Louis,Men's Street Footwear,40,700,280000,112000,0.4,In-store
Foot Locker,1128299,7/9/2021,Midwest,Missouri,St. Louis,Men's Athletic Footwear,25,350,87500,30625,0.35,In-store
Foot Locker,1128299,7/9/2021,Midwest,Missouri,St. Louis,Women's Street Footwear,25,295,73750,25812.5,0.35,In-store
Walmart,1128299,11/10/2021,Midwest,Missouri,St. Louis,Women's Athletic Footwear,25,325,81250,32500,0.4,In-store
Walmart,1128299,11/10/2021,Midwest,Missouri,St. Louis,Men's Apparel,45,300,135000,47250,0.35,In-store
Walmart,1128299,11/10/2021,West,Utah,Salt Lake City,Women's Athletic Footwear,20,300,60000,24000,0.4,In-store
Walmart,1128299,11/10/2021,West,Utah,Salt Lake City,Men's Street Footwear,35,800,280000,112000,0.4,In-store
Walmart,1128299,11/10/2021,West,Utah,Salt Lake City,Men's Athletic Footwear,30,550,165000,57750,0.35,In-store
Walmart,1128299,11/10/2021,West,Utah,Salt Lake City,Women's Street Footwear,25,475,118750,41562.5,0.35,In-store
Walmart,1128299,12/9/2021,West,Utah,Salt Lake City,Women's Athletic Footwear,25,425,106250,42500,0.4,In-store
Walmart,1128299,12/9/2021,West,Utah,Salt Lake City,Men's Apparel,35,425,148750,52062.5,0.35,In-store
Sports Direct,1128299,12/9/2021,West,Utah,Salt Lake City,Women's Apparel,40,600,240000,120000,0.5,In-store
Sports Direct,1128299,12/9/2021,West,Utah,Salt Lake City,Men's Street Footwear,35,750,262500,105000,0.4,In-store
Sports Direct,1128299,12/9/2021,West,Utah,Salt Lake City,Men's Athletic Footwear,35,525,183750,64312.5,0.35,In-store
Sports Direct,1128299,12/9/2021,West,Utah,Salt Lake City,Women's Street Footwear,30,450,135000,47250,0.35,In-store
Sports Direct,1128299,1/17/2021,West,Utah,Salt Lake City,Women's Athletic Footwear,20,375,75000,30000,0.4,In-store
Sports Direct,1128299,1/17/2021,West,Utah,Salt Lake City,Men's Apparel,30,350,105000,36750,0.35,In-store
Sports Direct,1128299,1/17/2021,West,Utah,Salt Lake City,Women's Apparel,35,525,183750,91875,0.5,In-store
Sports Direct,1128299,1/17/2021,West,Oregon,Portland,Women's Athletic Footwear,40,200,80000,28000,0.35,In-store
Sports Direct,1128299,1/17/2021,West,Oregon,Portland,Men's Apparel,45,125,56250,22500,0.4,In-store
Sports Direct,1128299,1/17/2021,West,Oregon,Portland,Women's Apparel,105,600,630000,189000,0.3,In-store
Sports Direct,1128299,2/17/2021,West,Oregon,Portland,Men's Street Footwear,90,800,720000,252000,0.35,In-store
Sports Direct,1128299,2/17/2021,West,Oregon,Portland,Men's Athletic Footwear,80,775,620000,217000,0.35,In-store
Sports Direct,1128299,2/17/2021,West,Oregon,Portland,Women's Street Footwear,70,650,455000,159250,0.35,In-store
Sports Direct,1128299,2/17/2021,West,Oregon,Portland,Women's Athletic Footwear,70,425,297500,104125,0.35,In-store
Sports Direct,1128299,2/17/2021,West,Oregon,Portland,Men's Apparel,70,425,297500,119000,0.4,In-store
Sports Direct,1128299,2/17/2021,West,Oregon,Portland,Women's Apparel,75,250,187500,56250,0.3,In-store
Sports Direct,1128299,3/16/2021,West,Oregon,Portland,Men's Street Footwear,50,450,225000,78750,0.35,In-store
Sports Direct,1128299,3/16/2021,West,Oregon,Portland,Men's Athletic Footwear,55,450,247500,86625,0.35,In-store
Sports Direct,1128299,3/16/2021,West,Oregon,Portland,Women's Street Footwear,50,250,125000,43750,0.35,In-store
Sports Direct,1128299,3/16/2021,West,Oregon,Portland,Women's Athletic Footwear,50,200,100000,35000,0.35,In-store
Sports Direct,1128299,3/16/2021,West,Oregon,Portland,Women's Athletic Footwear,45,250,112500,45000,0.4,In-store
Sports Direct,1128299,3/16/2021,West,Oregon,Portland,Men's Apparel,50,200,100000,45000,0.45,In-store
Walmart,1128299,4/17/2021,West,Oregon,Portland,Women's Apparel,45,450,202500,70875,0.35,In-store
Walmart,1128299,4/17/2021,West,Oregon,Portland,Men's Street Footwear,35,500,175000,70000,0.4,In-store
Walmart,1128299,4/17/2021,West,Oregon,Portland,Men's Athletic Footwear,45,400,180000,72000,0.4,In-store
Walmart,1128299,4/17/2021,West,Oregon,Portland,Women's Street Footwear,45,400,180000,72000,0.4,In-store
Walmart,1128299,4/17/2021,South,Louisiana,New Orleans,Women's Athletic Footwear,45,250,112500,45000,0.4,In-store
Walmart,1128299,4/17/2021,South,Louisiana,New Orleans,Men's Apparel,50,175,87500,39375,0.45,In-store
Walmart,1128299,5/18/2021,South,Louisiana,New Orleans,Women's Apparel,45,375,168750,59062.5,0.35,In-store
Walmart,1128299,5/18/2021,South,Louisiana,New Orleans,Men's Street Footwear,45,525,236250,94500,0.4,In-store
Walmart,1128299,5/18/2021,South,Louisiana,New Orleans,Men's Athletic Footwear,55,375,206250,82500,0.4,In-store
Walmart,1128299,5/18/2021,South,Louisiana,New Orleans,Women's Street Footwear,60,400,240000,96000,0.4,In-store
Walmart,1128299,5/18/2021,South,Louisiana,New Orleans,Women's Athletic Footwear,55,300,165000,66000,0.4,In-store
Walmart,1128299,5/18/2021,South,Louisiana,New Orleans,Men's Apparel,60,150,90000,40500,0.45,In-store
Walmart,1128299,6/17/2021,West,Idaho,Boise,Women's Athletic Footwear,35,375,131250,52500,0.4,Online
Walmart,1128299,6/17/2021,West,Idaho,Boise,Men's Apparel,40,250,100000,25000,0.25,Online
Walmart,1128299,6/17/2021,West,Idaho,Boise,Women's Apparel,35,450,157500,70875,0.45,Online
Walmart,1128299,6/17/2021,West,Idaho,Boise,Men's Apparel,55,425,233750,81812.5,0.35,Online
Walmart,1128299,6/17/2021,West,Idaho,Boise,Women's Apparel,65,625,406250,223437.5,0.55,Online
Walmart,1128299,6/17/2021,West,Idaho,Boise,Men's Street Footwear,55,775,426250,170500,0.4,Online
Walmart,1128299,7/16/2021,West,Idaho,Boise,Men's Athletic Footwear,55,775,426250,170500,0.4,Online
Walmart,1128299,7/16/2021,West,Idaho,Boise,Women's Street Footwear,60,675,405000,162000,0.4,Online
Walmart,1128299,7/16/2021,West,Idaho,Boise,Women's Athletic Footwear,60,525,315000,157500,0.5,Online
Walmart,1128299,7/16/2021,West,Idaho,Boise,Men's Apparel,55,475,261250,91437.5,0.35,Online
Walmart,1128299,7/16/2021,West,Idaho,Boise,Women's Apparel,65,725,471250,259187.5,0.55,Online
Walmart,1128299,7/16/2021,West,Idaho,Boise,Men's Street Footwear,30,425,127500,44625,0.35,Online
Walmart,1128299,8/17/2021,West,Idaho,Boise,Men's Athletic Footwear,40,425,170000,68000,0.4,Online
Walmart,1128299,8/17/2021,West,Idaho,Boise,Women's Street Footwear,40,425,170000,59500,0.35,Online
Walmart,1128299,8/17/2021,West,Idaho,Boise,Women's Athletic Footwear,40,275,110000,38500,0.35,Online
Walmart,1128299,8/17/2021,West,Idaho,Boise,Men's Apparel,45,225,101250,30375,0.3,Online
Walmart,1128299,8/17/2021,West,Idaho,Boise,Women's Apparel,40,425,170000,42500,0.25,Online
Walmart,1128299,8/17/2021,West,Arizona,Phoenix,Women's Athletic Footwear,40,225,90000,31500,0.35,Online
Walmart,1128299,9/18/2021,West,Arizona,Phoenix,Men's Apparel,45,150,67500,20250,0.3,Online
West Gear,1185732,2/10/2021,West,Arizona,Phoenix,Women's Apparel,40,350,140000,35000,0.25,Online
West Gear,1185732,2/10/2021,West,Arizona,Phoenix,Men's Street Footwear,40,500,200000,70000,0.35,Online
West Gear,1185732,3/8/2021,West,Arizona,Phoenix,Men's Athletic Footwear,50,350,175000,70000,0.4,Online
West Gear,1185732,4/9/2021,West,Arizona,Phoenix,Women's Street Footwear,50,350,175000,61250,0.35,Online
West Gear,1185732,4/9/2021,West,Arizona,Phoenix,Women's Athletic Footwear,50,225,112500,39375,0.35,Online
West Gear,1185732,4/9/2021,West,Arizona,Phoenix,Men's Apparel,55,125,68750,20625,0.3,Online
West Gear,1185732,4/9/2021,West,Arizona,Phoenix,Women's Apparel,50,325,162500,40625,0.25,Online
West Gear,1185732,4/9/2021,West,Arizona,Phoenix,Men's Street Footwear,50,500,250000,87500,0.35,Online
West Gear,1185732,4/9/2021,West,Arizona,Phoenix,Women's Street Footwear,55,450,247500,86625,0.35,Online
West Gear,1185732,5/8/2021,West,Arizona,Phoenix,Women's Athletic Footwear,55,400,220000,77000,0.35,Online
West Gear,1185732,5/8/2021,West,Arizona,Phoenix,Men's Apparel,65,400,260000,78000,0.3,Online
West Gear,1185732,5/8/2021,West,New Mexico,Albuquerque,Women's Athletic Footwear,45,275,123750,43312.5,0.35,Online
West Gear,1185732,5/8/2021,West,New Mexico,Albuquerque,Men's Apparel,50,200,100000,30000,0.3,Online
West Gear,1185732,5/8/2021,West,New Mexico,Albuquerque,Women's Apparel,45,400,180000,45000,0.25,Online
West Gear,1185732,5/8/2021,West,New Mexico,Albuquerque,Women's Street Footwear,60,550,330000,115500,0.35,Online
West Gear,1185732,6/10/2021,West,New Mexico,Albuquerque,Women's Athletic Footwear,55,450,247500,86625,0.35,Online
West Gear,1185732,6/10/2021,West,New Mexico,Albuquerque,Men's Apparel,60,500,300000,90000,0.3,Online
West Gear,1185732,6/10/2021,West,New Mexico,Albuquerque,Women's Apparel,75,500,375000,93750,0.25,Online
West Gear,1185732,6/10/2021,West,New Mexico,Albuquerque,Men's Street Footwear,60,700,420000,147000,0.35,Online
West Gear,1185732,6/10/2021,West,New Mexico,Albuquerque,Men's Athletic Footwear,65,650,422500,169000,0.4,Online
West Gear,1185732,6/10/2021,West,New Mexico,Albuquerque,Women's Street Footwear,60,525,315000,110250,0.35,Online
West Gear,1185732,7/8/2021,West,New Mexico,Albuquerque,Men's Apparel,70,425,297500,89250,0.3,Online
West Gear,1185732,7/8/2021,West,New Mexico,Albuquerque,Women's Apparel,75,525,393750,98437.5,0.25,Online
West Gear,1185732,10/10/2021,West,New Mexico,Albuquerque,Men's Street Footwear,30,450,135000,54000,0.4,Online
West Gear,1185732,11/9/2021,West,New Mexico,Albuquerque,Men's Athletic Footwear,40,450,180000,72000,0.4,Online
West Gear,1185732,11/9/2021,West,New Mexico,Albuquerque,Women's Street Footwear,40,450,180000,63000,0.35,Online
West Gear,1185732,11/9/2021,West,New Mexico,Albuquerque,Women's Athletic Footwear,40,300,120000,48000,0.4,Online
West Gear,1185732,11/9/2021,West,New Mexico,Albuquerque,Men's Apparel,45,250,112500,39375,0.35,Online
West Gear,1185732,11/9/2021,West,New Mexico,Albuquerque,Women's Apparel,40,450,180000,45000,0.25,Online
West Gear,1185732,11/9/2021,West,New Mexico,Albuquerque,Men's Street Footwear,30,500,150000,60000,0.4,Online
West Gear,1185732,12/8/2021,Southeast,Georgia,Atlanta,Women's Athletic Footwear,40,250,100000,40000,0.4,Online
West Gear,1185732,12/8/2021,Southeast,Georgia,Atlanta,Men's Apparel,45,175,78750,27562.5,0.35,Online
Kohl's,1185732,12/8/2021,Southeast,Georgia,Atlanta,Women's Apparel,40,375,150000,37500,0.25,Online
Kohl's,1185732,12/8/2021,Southeast,Georgia,Atlanta,Men's Street Footwear,40,525,210000,84000,0.4,Online
Kohl's,1185732,12/8/2021,Southeast,Georgia,Atlanta,Men's Athletic Footwear,50,375,187500,75000,0.4,Online
Kohl's,1185732,12/8/2021,Southeast,Georgia,Atlanta,Women's Street Footwear,50,375,187500,65625,0.35,Online
Kohl's,1185732,1/14/2021,Southeast,Georgia,Atlanta,Women's Athletic Footwear,50,250,125000,50000,0.4,Online
Kohl's,1185732,1/14/2021,Southeast,Georgia,Atlanta,Men's Apparel,55,150,82500,28875,0.35,Online
Kohl's,1185732,1/14/2021,Southeast,Georgia,Atlanta,Women's Apparel,50,350,175000,43750,0.25,Online
Kohl's,1185732,1/14/2021,Southeast,Georgia,Atlanta,Men's Street Footwear,50,525,262500,105000,0.4,Online
Kohl's,1185732,1/14/2021,Southeast,Georgia,Atlanta,Men's Athletic Footwear,55,325,178750,71500,0.4,Online
Kohl's,1185732,10/12/2021,Southeast,Georgia,Atlanta,Women's Street Footwear,55,500,275000,96250,0.35,Online
Kohl's,1185732,10/12/2021,Southeast,Georgia,Atlanta,Women's Athletic Footwear,55,450,247500,99000,0.4,Online
Kohl's,1185732,10/12/2021,Southeast,Georgia,Atlanta,Men's Apparel,65,450,292500,102375,0.35,Online
Kohl's,1185732,11/11/2021,Southeast,Georgia,Atlanta,Women's Apparel,70,425,297500,74375,0.25,Online
Kohl's,1185732,11/11/2021,Southeast,Georgia,Atlanta,Men's Street Footwear,45,600,270000,108000,0.4,Online
Foot Locker,1128299,1/24/2021,Southeast,Georgia,Atlanta,Men's Athletic Footwear,50,600,300000,120000,0.4,Online
Foot Locker,1128299,1/24/2021,Southeast,Georgia,Atlanta,Women's Street Footwear,45,450,202500,70875,0.35,Online
Foot Locker,1128299,1/24/2021,Southeast,Georgia,Atlanta,Women's Athletic Footwear,45,400,180000,72000,0.4,Online
Foot Locker,1128299,1/24/2021,Southeast,Georgia,Atlanta,Men's Apparel,55,400,220000,77000,0.35,Online
Foot Locker,1128299,1/24/2021,Southeast,Georgia,Atlanta,Women's Apparel,60,450,270000,67500,0.25,Online
Foot Locker,1128299,2/24/2021,Southeast,Georgia,Atlanta,Men's Street Footwear,40,1025,410000,184500,0.45,Online
Foot Locker,1128299,2/24/2021,Southeast,Georgia,Atlanta,Men's Athletic Footwear,40,825,330000,115500,0.35,Online
Foot Locker,1128299,2/24/2021,Southeast,Georgia,Atlanta,Women's Street Footwear,30,825,247500,61875,0.25,Online
Foot Locker,1128299,2/24/2021,Southeast,Georgia,Atlanta,Women's Athletic Footwear,35,675,236250,70875,0.3,Online
Foot Locker,1128299,2/24/2021,Southeast,Georgia,Atlanta,Men's Apparel,50,725,362500,126875,0.35,Online
Foot Locker,1128299,9/25/2021,Southeast,Georgia,Atlanta,Women's Apparel,40,825,330000,165000,0.5,Online
Foot Locker,1128299,9/25/2021,Southeast,South Carolina,Charleston,Women's Athletic Footwear,35,625,218750,65625,0.3,Online
Foot Locker,1128299,9/25/2021,Southeast,South Carolina,Charleston,Men's Apparel,50,700,350000,122500,0.35,Online
Foot Locker,1128299,9/25/2021,Southeast,South Carolina,Charleston,Women's Apparel,35,800,280000,140000,0.5,Online
Foot Locker,1128299,9/25/2021,Southeast,South Carolina,Charleston,Men's Apparel,65,750,487500,170625,0.35,Online
Foot Locker,1128299,10/24/2021,Southeast,South Carolina,Charleston,Women's Apparel,70,925,647500,323750,0.5,Online
Foot Locker,1128299,10/24/2021,Southeast,South Carolina,Charleston,Men's Street Footwear,65,1150,747500,336375,0.45,Online
Foot Locker,1128299,10/24/2021,Southeast,North Carolina,Charlotte,Men's Apparel,45,475,213750,74812.5,0.35,Online
Foot Locker,1128299,10/24/2021,Southeast,North Carolina,Charlotte,Women's Apparel,35,575,201250,100625,0.5,Online
Foot Locker,1128299,10/24/2021,Southeast,North Carolina,Charlotte,Men's Street Footwear,35,825,288750,115500,0.4,Online
Sports Direct,1185732,2/17/2021,Southeast,North Carolina,Charlotte,Men's Athletic Footwear,35,475,166250,58187.5,0.35,Online
Sports Direct,1185732,2/17/2021,Southeast,North Carolina,Charlotte,Women's Street Footwear,25,525,131250,52500,0.4,Online
Sports Direct,1185732,2/17/2021,Midwest,Ohio,Columbus,Women's Athletic Footwear,30,375,112500,45000,0.4,Online
Sports Direct,1185732,2/17/2021,Midwest,Ohio,Columbus,Men's Apparel,45,450,202500,70875,0.35,Online
Sports Direct,1185732,2/17/2021,Midwest,Ohio,Columbus,Women's Apparel,30,550,165000,82500,0.5,Online
Sports Direct,1185732,8/16/2021,Midwest,Ohio,Columbus,Men's Street Footwear,30,770,231000,92400,0.4,Online
Sports Direct,1185732,8/16/2021,Midwest,Ohio,Columbus,Men's Athletic Footwear,30,450,135000,47250,0.35,Online
Sports Direct,1185732,8/16/2021,Midwest,Ohio,Columbus,Women's Street Footwear,20,475,95000,38000,0.4,Online
Sports Direct,1185732,9/15/2021,Midwest,Ohio,Columbus,Men's Apparel,55,500,275000,96250,0.35,Online
Sports Direct,1185732,9/15/2021,Midwest,Ohio,Columbus,Women's Apparel,60,675,405000,202500,0.5,Online
Sports Direct,1185732,9/15/2021,Midwest,Ohio,Columbus,Men's Street Footwear,55,775,426250,170500,0.4,Online
Foot Locker,1185732,2/18/2021,Midwest,Ohio,Columbus,Men's Athletic Footwear,50,575,287500,100625,0.35,Online
Foot Locker,1185732,2/18/2021,Midwest,Ohio,Columbus,Women's Street Footwear,25,475,118750,47500,0.4,Online
Foot Locker,1185732,7/17/2021,Midwest,Ohio,Columbus,Women's Athletic Footwear,25,450,112500,45000,0.4,Online
Foot Locker,1185732,7/17/2021,Midwest,Ohio,Columbus,Men's Apparel,35,450,157500,55125,0.35,Online
Foot Locker,1185732,7/17/2021,Midwest,Ohio,Columbus,Women's Apparel,40,300,120000,48000,0.4,Online
Foot Locker,1185732,7/17/2021,Midwest,Ohio,Columbus,Men's Street Footwear,40,550,220000,88000,0.4,Online
Foot Locker,1185732,7/17/2021,Southeast,Kentucky,Louisville,Women's Athletic Footwear,35,125,43750,17500,0.4,Online
Foot Locker,1185732,7/17/2021,Southeast,Kentucky,Louisville,Men's Apparel,50,200,100000,35000,0.35,Online
Foot Locker,1185732,8/18/2021,Southeast,Kentucky,Louisville,Women's Apparel,40,300,120000,48000,0.4,Online
Foot Locker,1185732,11/18/2021,Southeast,Kentucky,Louisville,Men's Street Footwear,45,520,234000,93600,0.4,Online
Foot Locker,1185732,11/18/2021,Southeast,Kentucky,Louisville,Men's Street Footwear,50,575,287500,115000,0.4,Online
Foot Locker,1185732,11/18/2021,Southeast,Kentucky,Louisville,Men's Athletic Footwear,45,350,157500,55125,0.35,Online
Foot Locker,1185732,11/18/2021,Southeast,Kentucky,Louisville,Women's Street Footwear,40,275,110000,44000,0.4,Online
West Gear,1185732,2/11/2021,Southeast,Kentucky,Louisville,Women's Athletic Footwear,40,250,100000,40000,0.4,Online
West Gear,1185732,7/10/2021,Southeast,Kentucky,Louisville,Men's Apparel,50,225,112500,39375,0.35,Online
West Gear,1185732,7/10/2021,Southeast,Kentucky,Louisville,Women's Apparel,55,400,220000,88000,0.4,Online
West Gear,1185732,7/10/2021,Southeast,Kentucky,Louisville,Men's Street Footwear,50,525,262500,105000,0.4,Online
West Gear,1185732,7/10/2021,Southeast,Kentucky,Louisville,Men's Athletic Footwear,45,325,146250,51187.5,0.35,Online
West Gear,1185732,7/10/2021,Southeast,Kentucky,Louisville,Men's Athletic Footwear,30,525,157500,55125,0.35,Online
West Gear,1185732,7/10/2021,Southeast,Kentucky,Louisville,Women's Street Footwear,20,525,105000,42000,0.4,Online
West Gear,1185732,8/11/2021,Southeast,Kentucky,Louisville,Women's Athletic Footwear,25,375,93750,37500,0.4,Online
West Gear,1185732,8/11/2021,Southeast,Kentucky,Louisville,Men's Apparel,40,425,170000,59500,0.35,Online
West Gear,1185732,8/11/2021,Southeast,Kentucky,Louisville,Women's Apparel,30,525,157500,78750,0.5,Online
West Gear,1185732,8/11/2021,Southeast,Kentucky,Louisville,Men's Street Footwear,30,775,232500,93000,0.4,Online
West Gear,1185732,8/11/2021,Southeast,Kentucky,Louisville,Men's Athletic Footwear,30,425,127500,44625,0.35,Online
West Gear,1185732,8/11/2021,Southeast,Kentucky,Louisville,Women's Street Footwear,20,475,95000,38000,0.4,Online
West Gear,1128299,2/24/2021,South,Mississippi,Jackson,Women's Athletic Footwear,25,325,81250,32500,0.4,Online
West Gear,1128299,2/24/2021,South,Mississippi,Jackson,Men's Apparel,40,400,160000,56000,0.35,Online
West Gear,1128299,7/23/2021,South,Mississippi,Jackson,Women's Apparel,25,500,125000,62500,0.5,Online
West Gear,1128299,8/24/2021,South,Mississippi,Jackson,Men's Street Footwear,25,720,180000,72000,0.4,Online
West Gear,1128299,8/24/2021,South,Mississippi,Jackson,Men's Athletic Footwear,25,400,100000,35000,0.35,Online
West Gear,1128299,8/24/2021,South,Mississippi,Jackson,Women's Athletic Footwear,40,475,190000,76000,0.4,Online
West Gear,1128299,8/24/2021,South,Mississippi,Jackson,Men's Apparel,50,450,225000,78750,0.35,Online
West Gear,1128299,8/24/2021,South,Mississippi,Jackson,Women's Apparel,55,625,343750,171875,0.5,Online
West Gear,1128299,8/24/2021,South,Mississippi,Jackson,Men's Street Footwear,50,725,362500,145000,0.4,Online
West Gear,1128299,9/25/2021,South,Mississippi,Jackson,Men's Athletic Footwear,45,525,236250,82687.5,0.35,Online
West Gear,1128299,9/25/2021,South,Mississippi,Jackson,Women's Athletic Footwear,60,475,285000,114000,0.4,Online
West Gear,1128299,9/25/2021,South,Mississippi,Jackson,Men's Apparel,70,475,332500,116375,0.35,Online
West Gear,1128299,9/25/2021,South,Mississippi,Jackson,Women's Apparel,75,575,431250,215625,0.5,Online
West Gear,1128299,1/17/2021,South,Arkansas,Little Rock,Men's Athletic Footwear,60,500,300000,105000,0.35,Online
West Gear,1128299,1/17/2021,South,Arkansas,Little Rock,Women's Street Footwear,60,450,270000,108000,0.4,Online
West Gear,1128299,1/17/2021,South,Arkansas,Little Rock,Women's Athletic Footwear,60,400,240000,96000,0.4,Online
West Gear,1128299,2/17/2021,South,Arkansas,Little Rock,Men's Apparel,70,400,280000,98000,0.35,Online
West Gear,1128299,2/17/2021,South,Arkansas,Little Rock,Women's Apparel,75,500,375000,150000,0.4,Online
West Gear,1128299,2/17/2021,South,Arkansas,Little Rock,Men's Street Footwear,25,575,143750,57500,0.4,Online
West Gear,1128299,2/17/2021,South,Arkansas,Little Rock,Men's Athletic Footwear,25,375,93750,32812.5,0.35,Online
West Gear,1128299,2/17/2021,South,Arkansas,Little Rock,Women's Street Footwear,15,375,56250,22500,0.4,Online
West Gear,1128299,2/17/2021,South,Arkansas,Little Rock,Women's Athletic Footwear,20,225,45000,18000,0.4,Online
West Gear,1128299,3/16/2021,South,Arkansas,Little Rock,Men's Apparel,35,275,96250,33687.5,0.35,Online
West Gear,1128299,3/16/2021,South,Arkansas,Little Rock,Women's Apparel,25,375,93750,37500,0.4,Online
West Gear,1128299,3/16/2021,South,Arkansas,Little Rock,Men's Street Footwear,25,625,156250,62500,0.4,Online
West Gear,1128299,3/16/2021,South,Arkansas,Little Rock,Men's Athletic Footwear,25,275,68750,24062.5,0.35,Online
West Gear,1128299,3/16/2021,South,Arkansas,Little Rock,Women's Street Footwear,15,325,48750,19500,0.4,Online
Foot Locker,1197831,2/4/2021,South,Oklahoma,Oklahoma City,Women's Athletic Footwear,20,175,35000,14000,0.4,Online
Foot Locker,1197831,2/4/2021,South,Oklahoma,Oklahoma City,Men's Apparel,35,250,87500,30625,0.35,Online
Foot Locker,1197831,2/4/2021,South,Oklahoma,Oklahoma City,Women's Apparel,20,350,70000,28000,0.4,Online
Foot Locker,1197831,3/6/2021,South,Oklahoma,Oklahoma City,Women's Apparel,55,475,261250,104500,0.4,Online
Foot Locker,1197831,3/6/2021,South,Oklahoma,Oklahoma City,Men's Street Footwear,50,575,287500,115000,0.4,Online
Foot Locker,1197831,3/6/2021,South,Oklahoma,Oklahoma City,Men's Athletic Footwear,40,375,150000,52500,0.35,Online
West Gear,1197831,7/6/2021,South,Oklahoma,Oklahoma City,Women's Street Footwear,15,275,41250,16500,0.4,Online
West Gear,1197831,7/6/2021,South,Oklahoma,Oklahoma City,Women's Athletic Footwear,15,250,37500,15000,0.4,Online
West Gear,1197831,7/6/2021,South,Oklahoma,Oklahoma City,Men's Street Footwear,25,600,150000,52500,0.35,Online
West Gear,1197831,7/6/2021,South,Oklahoma,Oklahoma City,Men's Athletic Footwear,25,250,62500,21875,0.35,Online
Sports Direct,1197831,10/4/2021,South,Oklahoma,Oklahoma City,Women's Street Footwear,15,300,45000,15750,0.35,Online
Sports Direct,1197831,10/4/2021,Midwest,Kansas,Wichita,Women's Athletic Footwear,20,150,30000,10500,0.35,Online
Sports Direct,1197831,10/4/2021,Midwest,Kansas,Wichita,Men's Apparel,35,225,78750,27562.5,0.35,Online
Sports Direct,1197831,11/5/2021,Midwest,Kansas,Wichita,Women's Apparel,20,325,65000,22750,0.35,Online
Sports Direct,1197831,11/5/2021,Midwest,Kansas,Wichita,Women's Athletic Footwear,40,300,120000,42000,0.35,Online
Sports Direct,1197831,11/5/2021,Midwest,Kansas,Wichita,Men's Apparel,50,175,87500,30625,0.35,Online
Sports Direct,1197831,11/5/2021,Midwest,Kansas,Wichita,Women's Apparel,40,275,110000,44000,0.4,Online
Sports Direct,1197831,11/5/2021,Midwest,Kansas,Wichita,Men's Street Footwear,40,525,210000,73500,0.35,Online
Sports Direct,1197831,11/5/2021,Midwest,Kansas,Wichita,Men's Athletic Footwear,40,175,70000,21000,0.3,Online
Foot Locker,1197831,12/4/2021,Midwest,Kansas,Wichita,Women's Street Footwear,30,225,67500,20250,0.3,Online
Foot Locker,1197831,12/4/2021,Midwest,South Dakota,Sioux Falls,Women's Athletic Footwear,35,100,35000,10500,0.3,Online
Foot Locker,1197831,12/4/2021,Midwest,South Dakota,Sioux Falls,Men's Apparel,50,175,87500,30625,0.35,Online
Foot Locker,1197831,12/4/2021,Midwest,South Dakota,Sioux Falls,Women's Apparel,35,275,96250,38500,0.4,Online
Foot Locker,1197831,12/4/2021,Midwest,South Dakota,Sioux Falls,Men's Street Footwear,40,495,198000,69300,0.35,Online
Foot Locker,1197831,12/4/2021,Midwest,South Dakota,Sioux Falls,Men's Athletic Footwear,40,200,80000,24000,0.3,Online
Foot Locker,1128299,1/23/2021,Midwest,South Dakota,Sioux Falls,Men's Athletic Footwear,45,300,135000,40500,0.3,Online
Foot Locker,1128299,1/23/2021,Midwest,South Dakota,Sioux Falls,Women's Street Footwear,40,225,90000,27000,0.3,Online
Foot Locker,1128299,1/23/2021,Midwest,South Dakota,Sioux Falls,Women's Athletic Footwear,40,175,70000,21000,0.3,Online
Foot Locker,1128299,1/23/2021,Midwest,South Dakota,Sioux Falls,Men's Street Footwear,60,500,300000,105000,0.35,Online
Foot Locker,1128299,1/23/2021,Midwest,South Dakota,Sioux Falls,Men's Athletic Footwear,50,300,150000,45000,0.3,Online
Foot Locker,1128299,1/23/2021,Midwest,South Dakota,Sioux Falls,Women's Street Footwear,50,250,125000,37500,0.3,Online
Foot Locker,1128299,2/23/2021,Midwest,South Dakota,Sioux Falls,Women's Athletic Footwear,50,200,100000,30000,0.3,Online
Foot Locker,1128299,2/23/2021,Midwest,South Dakota,Sioux Falls,Men's Apparel,60,200,120000,42000,0.35,Online
Foot Locker,1128299,2/23/2021,Midwest,South Dakota,Sioux Falls,Women's Apparel,65,300,195000,78000,0.4,Online
Foot Locker,1128299,3/22/2021,Midwest,South Dakota,Sioux Falls,Men's Street Footwear,35,475,166250,58187.5,0.35,Online
Foot Locker,1128299,3/22/2021,Midwest,South Dakota,Sioux Falls,Men's Athletic Footwear,35,275,96250,28875,0.3,Online
Foot Locker,1128299,3/22/2021,Midwest,North Dakota,Fargo,Women's Athletic Footwear,30,100,30000,9000,0.3,Online
Foot Locker,1128299,3/22/2021,Midwest,North Dakota,Fargo,Men's Apparel,45,175,78750,27562.5,0.35,Online
Foot Locker,1128299,3/22/2021,Midwest,North Dakota,Fargo,Women's Apparel,25,275,68750,27500,0.4,Online
Foot Locker,1128299,3/22/2021,Midwest,North Dakota,Fargo,Men's Street Footwear,30,495,148500,51975,0.35,Online
Foot Locker,1128299,4/23/2021,Midwest,North Dakota,Fargo,Men's Athletic Footwear,30,200,60000,18000,0.3,Online
Foot Locker,1128299,4/23/2021,Midwest,North Dakota,Fargo,Women's Athletic Footwear,40,200,80000,24000,0.3,In-store
Foot Locker,1128299,4/23/2021,Midwest,North Dakota,Fargo,Men's Apparel,50,175,87500,30625,0.35,In-store
Foot Locker,1128299,4/23/2021,Midwest,North Dakota,Fargo,Women's Apparel,55,350,192500,77000,0.4,In-store
Foot Locker,1128299,4/23/2021,Midwest,North Dakota,Fargo,Men's Street Footwear,40,475,190000,66500,0.35,In-store
Foot Locker,1128299,4/23/2021,Midwest,North Dakota,Fargo,Men's Athletic Footwear,35,275,96250,28875,0.3,In-store
Foot Locker,1128299,5/24/2021,Midwest,North Dakota,Fargo,Women's Street Footwear,40,195,78000,23400,0.3,In-store
Foot Locker,1128299,5/24/2021,Midwest,North Dakota,Fargo,Women's Athletic Footwear,40,175,70000,21000,0.3,In-store
Foot Locker,1128299,5/24/2021,Midwest,North Dakota,Fargo,Women's Street Footwear,20,250,50000,15000,0.3,In-store
Foot Locker,1128299,5/24/2021,Midwest,North Dakota,Fargo,Women's Athletic Footwear,25,100,25000,7500,0.3,In-store
Foot Locker,1128299,5/24/2021,Midwest,North Dakota,Fargo,Men's Apparel,40,150,60000,30000,0.5,In-store
Foot Locker,1128299,5/24/2021,Midwest,North Dakota,Fargo,Women's Apparel,30,250,75000,30000,0.4,In-store
Foot Locker,1128299,6/23/2021,Midwest,North Dakota,Fargo,Men's Street Footwear,30,500,150000,45000,0.3,In-store
Foot Locker,1128299,6/23/2021,Midwest,North Dakota,Fargo,Men's Athletic Footwear,30,150,45000,15750,0.35,In-store
Foot Locker,1128299,6/23/2021,Midwest,North Dakota,Fargo,Women's Street Footwear,20,200,40000,12000,0.3,In-store
Foot Locker,1128299,6/23/2021,Midwest,Iowa,Des Moines,Women's Athletic Footwear,25,75,18750,5625,0.3,In-store
Foot Locker,1128299,6/23/2021,Midwest,Iowa,Des Moines,Men's Apparel,40,150,60000,30000,0.5,In-store
Foot Locker,1128299,6/23/2021,Midwest,Iowa,Des Moines,Women's Apparel,15,250,37500,15000,0.4,In-store
Foot Locker,1128299,7/22/2021,Midwest,Iowa,Des Moines,Men's Street Footwear,20,470,94000,28200,0.3,In-store
Foot Locker,1128299,7/22/2021,Midwest,Iowa,Des Moines,Men's Athletic Footwear,20,175,35000,12250,0.35,In-store
Foot Locker,1128299,7/22/2021,Midwest,Iowa,Des Moines,Men's Apparel,35,175,61250,30625,0.5,In-store
Foot Locker,1128299,7/22/2021,Midwest,Iowa,Des Moines,Women's Apparel,55,325,178750,71500,0.4,In-store
Foot Locker,1128299,7/22/2021,Midwest,Iowa,Des Moines,Women's Apparel,50,250,125000,50000,0.4,In-store
Foot Locker,1128299,7/22/2021,Midwest,Iowa,Des Moines,Men's Street Footwear,45,400,180000,54000,0.3,In-store
Foot Locker,1128299,8/23/2021,Midwest,Iowa,Des Moines,Men's Athletic Footwear,35,275,96250,33687.5,0.35,In-store
Foot Locker,1128299,8/23/2021,Midwest,Iowa,Des Moines,Women's Street Footwear,35,220,77000,23100,0.3,In-store
Foot Locker,1128299,8/23/2021,Midwest,Iowa,Des Moines,Women's Athletic Footwear,35,200,70000,21000,0.3,In-store
Foot Locker,1128299,8/23/2021,Midwest,Iowa,Des Moines,Men's Apparel,60,175,105000,52500,0.5,In-store
Foot Locker,1128299,8/23/2021,Midwest,Iowa,Des Moines,Women's Apparel,65,275,178750,71500,0.4,In-store
Kohl's,1128299,2/26/2021,Midwest,Iowa,Des Moines,Men's Street Footwear,60,525,315000,94500,0.3,In-store
Kohl's,1128299,2/26/2021,Midwest,Wisconsin,Milwaukee,Women's Athletic Footwear,25,75,18750,5625,0.3,In-store
Kohl's,1128299,2/26/2021,Midwest,Wisconsin,Milwaukee,Men's Apparel,35,175,61250,30625,0.5,In-store
Kohl's,1128299,7/25/2021,Midwest,Wisconsin,Milwaukee,Women's Apparel,55,325,178750,71500,0.4,In-store
Kohl's,1128299,7/25/2021,Midwest,Wisconsin,Milwaukee,Men's Street Footwear,50,550,275000,82500,0.3,In-store
Kohl's,1128299,7/25/2021,Midwest,Wisconsin,Milwaukee,Men's Athletic Footwear,45,300,135000,47250,0.35,In-store
Kohl's,1128299,7/25/2021,Midwest,Wisconsin,Milwaukee,Women's Apparel,65,300,195000,78000,0.4,In-store
Kohl's,1128299,8/26/2021,Midwest,Wisconsin,Milwaukee,Men's Street Footwear,60,550,330000,99000,0.3,In-store
Kohl's,1128299,8/26/2021,Midwest,Wisconsin,Milwaukee,Men's Athletic Footwear,50,350,175000,61250,0.35,In-store
Kohl's,1128299,8/26/2021,Midwest,Wisconsin,Milwaukee,Women's Street Footwear,50,300,150000,45000,0.3,In-store
Sports Direct,1128299,12/25/2021,Midwest,Wisconsin,Milwaukee,Women's Athletic Footwear,50,250,125000,37500,0.3,In-store
Sports Direct,1128299,12/25/2021,Midwest,Wisconsin,Milwaukee,Men's Apparel,60,250,150000,75000,0.5,In-store
Sports Direct,1128299,1/13/2021,Midwest,Wisconsin,Milwaukee,Women's Apparel,65,350,227500,91000,0.4,In-store
Sports Direct,1128299,1/13/2021,Midwest,Wisconsin,Milwaukee,Men's Street Footwear,35,500,175000,70000,0.4,In-store
Sports Direct,1128299,1/13/2021,Midwest,Wisconsin,Milwaukee,Men's Athletic Footwear,35,300,105000,42000,0.4,In-store
Sports Direct,1128299,1/13/2021,Midwest,Wisconsin,Milwaukee,Women's Street Footwear,25,300,75000,26250,0.35,In-store
Sports Direct,1128299,1/13/2021,Midwest,Wisconsin,Milwaukee,Women's Athletic Footwear,30,150,45000,15750,0.35,In-store
Sports Direct,1128299,1/13/2021,Midwest,Wisconsin,Milwaukee,Men's Apparel,45,200,90000,27000,0.3,In-store
Sports Direct,1128299,2/13/2021,Midwest,Indiana,Indianapolis,Women's Athletic Footwear,30,125,37500,13125,0.35,In-store
Sports Direct,1128299,2/13/2021,Midwest,Indiana,Indianapolis,Men's Apparel,45,200,90000,27000,0.3,In-store
Sports Direct,1128299,2/13/2021,Midwest,Indiana,Indianapolis,Men's Athletic Footwear,50,400,200000,80000,0.4,In-store
Sports Direct,1128299,2/13/2021,Midwest,Indiana,Indianapolis,Women's Street Footwear,50,350,175000,61250,0.35,In-store
Sports Direct,1128299,3/12/2021,Midwest,Indiana,Indianapolis,Women's Athletic Footwear,50,300,150000,52500,0.35,In-store
Sports Direct,1128299,3/12/2021,Midwest,Indiana,Indianapolis,Men's Apparel,60,300,180000,54000,0.3,In-store
Sports Direct,1128299,3/12/2021,Midwest,Indiana,Indianapolis,Women's Apparel,65,400,260000,104000,0.4,In-store
Sports Direct,1128299,3/12/2021,Midwest,Indiana,Indianapolis,Men's Street Footwear,35,500,175000,70000,0.4,In-store
Sports Direct,1128299,3/12/2021,Midwest,Indiana,Indianapolis,Men's Athletic Footwear,35,300,105000,42000,0.4,In-store
Sports Direct,1128299,3/12/2021,Northeast,West Virginia,Charleston,Women's Athletic Footwear,35,175,61250,24500,0.4,In-store
Sports Direct,1128299,4/13/2021,Northeast,West Virginia,Charleston,Men's Apparel,50,250,125000,50000,0.4,In-store
Sports Direct,1128299,4/13/2021,Northeast,West Virginia,Charleston,Women's Athletic Footwear,35,275,96250,38500,0.4,In-store
Sports Direct,1128299,4/13/2021,Northeast,West Virginia,Charleston,Men's Apparel,45,275,123750,49500,0.4,In-store
Sports Direct,1128299,4/13/2021,Northeast,West Virginia,Charleston,Women's Apparel,65,425,276250,110500,0.4,In-store
Sports Direct,1128299,4/13/2021,Northeast,West Virginia,Charleston,Men's Street Footwear,60,650,390000,156000,0.4,In-store
Sports Direct,1128299,4/13/2021,Northeast,West Virginia,Charleston,Women's Apparel,65,475,308750,123500,0.4,In-store
Sports Direct,1128299,5/14/2021,Northeast,West Virginia,Charleston,Men's Street Footwear,50,525,262500,105000,0.4,In-store
Sports Direct,1128299,5/14/2021,Northeast,West Virginia,Charleston,Men's Athletic Footwear,45,300,135000,54000,0.4,In-store
Sports Direct,1128299,6/13/2021,Northeast,West Virginia,Charleston,Women's Street Footwear,55,400,220000,88000,0.4,In-store
Sports Direct,1128299,6/13/2021,Northeast,West Virginia,Charleston,Women's Athletic Footwear,55,350,192500,77000,0.4,In-store
Sports Direct,1128299,6/13/2021,Northeast,West Virginia,Charleston,Men's Apparel,65,350,227500,91000,0.4,In-store
Sports Direct,1128299,6/13/2021,Northeast,West Virginia,Charleston,Women's Apparel,70,450,315000,126000,0.4,In-store
Sports Direct,1128299,7/12/2021,Northeast,West Virginia,Charleston,Men's Street Footwear,35,425,148750,59500,0.4,In-store
Sports Direct,1128299,7/12/2021,Northeast,West Virginia,Charleston,Men's Athletic Footwear,35,225,78750,27562.5,0.35,In-store
Sports Direct,1128299,7/12/2021,Northeast,Maryland,Baltimore,Women's Athletic Footwear,30,50,15000,5250,0.35,In-store
Sports Direct,1128299,7/12/2021,Northeast,Maryland,Baltimore,Men's Street Footwear,50,525,262500,105000,0.4,In-store
Sports Direct,1128299,7/12/2021,Northeast,Maryland,Baltimore,Men's Athletic Footwear,45,275,123750,43312.5,0.35,In-store
Sports Direct,1128299,7/12/2021,Northeast,Maryland,Baltimore,Women's Street Footwear,40,200,80000,28000,0.35,In-store
Sports Direct,1128299,8/13/2021,Northeast,Maryland,Baltimore,Women's Athletic Footwear,40,150,60000,21000,0.35,In-store
Sports Direct,1128299,8/13/2021,Northeast,Maryland,Baltimore,Men's Apparel,50,175,87500,26250,0.3,In-store
Sports Direct,1128299,8/13/2021,Northeast,Maryland,Baltimore,Women's Apparel,55,350,192500,57750,0.3,In-store
Sports Direct,1128299,8/13/2021,Northeast,Maryland,Baltimore,Women's Apparel,65,225,146250,43875,0.3,In-store
Sports Direct,1128299,8/13/2021,Northeast,Maryland,Baltimore,Men's Street Footwear,60,450,270000,108000,0.4,In-store
Sports Direct,1128299,8/13/2021,Northeast,Maryland,Baltimore,Men's Athletic Footwear,50,250,125000,43750,0.35,In-store
Sports Direct,1128299,9/14/2021,Northeast,Maryland,Baltimore,Women's Street Footwear,50,225,112500,39375,0.35,In-store
Sports Direct,1128299,9/14/2021,Northeast,Maryland,Baltimore,Women's Athletic Footwear,50,175,87500,30625,0.35,In-store
Sports Direct,1128299,9/14/2021,Northeast,Maryland,Baltimore,Men's Apparel,60,175,105000,31500,0.3,In-store
Sports Direct,1128299,9/14/2021,Northeast,Maryland,Baltimore,Women's Apparel,65,275,178750,53625,0.3,In-store
Sports Direct,1128299,9/14/2021,Northeast,Maryland,Baltimore,Men's Street Footwear,40,525,210000,73500,0.35,In-store
Sports Direct,1128299,9/14/2021,Northeast,Maryland,Baltimore,Men's Athletic Footwear,40,325,130000,45500,0.35,In-store
Foot Locker,1185732,1/9/2021,Northeast,Maryland,Baltimore,Women's Street Footwear,30,325,97500,39000,0.4,In-store
Foot Locker,1185732,1/9/2021,Northeast,Maryland,Baltimore,Women's Athletic Footwear,35,175,61250,24500,0.4,In-store
Foot Locker,1185732,1/9/2021,Northeast,Maryland,Baltimore,Men's Apparel,50,225,112500,33750,0.3,In-store
Foot Locker,1185732,1/9/2021,Northeast,Maryland,Baltimore,Women's Apparel,40,325,130000,52000,0.4,In-store
Foot Locker,1185732,1/9/2021,Northeast,Maryland,Baltimore,Men's Street Footwear,40,575,230000,80500,0.35,In-store
Foot Locker,1185732,1/9/2021,Northeast,Maryland,Baltimore,Men's Athletic Footwear,40,225,90000,31500,0.35,In-store
Foot Locker,1185732,2/7/2021,Northeast,Maryland,Baltimore,Women's Street Footwear,30,275,82500,33000,0.4,In-store
Foot Locker,1185732,2/7/2021,Northeast,Delaware,Wilmington,Women's Athletic Footwear,35,150,52500,21000,0.4,In-store
Foot Locker,1185732,2/7/2021,Northeast,Delaware,Wilmington,Men's Apparel,50,225,112500,33750,0.3,In-store
Foot Locker,1185732,6/7/2021,Northeast,Delaware,Wilmington,Women's Apparel,40,325,130000,52000,0.4,In-store
Foot Locker,1185732,6/7/2021,Northeast,Delaware,Wilmington,Men's Street Footwear,40,545,218000,76300,0.35,In-store
Foot Locker,1185732,7/5/2021,Northeast,Delaware,Wilmington,Men's Athletic Footwear,40,250,100000,35000,0.35,In-store
Foot Locker,1185732,7/5/2021,Northeast,Delaware,Wilmington,Women's Street Footwear,30,275,82500,33000,0.4,In-store
Foot Locker,1185732,7/5/2021,Northeast,Delaware,Wilmington,Women's Athletic Footwear,35,125,43750,17500,0.4,In-store
Foot Locker,1185732,7/5/2021,Northeast,Delaware,Wilmington,Men's Apparel,50,175,87500,26250,0.3,In-store
Foot Locker,1185732,7/5/2021,Northeast,Delaware,Wilmington,Women's Apparel,40,275,110000,44000,0.4,In-store
Foot Locker,1185732,11/6/2021,Northeast,Delaware,Wilmington,Men's Street Footwear,40,525,210000,73500,0.35,In-store
Foot Locker,1185732,11/6/2021,Northeast,Delaware,Wilmington,Men's Athletic Footwear,40,225,90000,31500,0.35,In-store
Foot Locker,1185732,11/6/2021,Northeast,Delaware,Wilmington,Women's Street Footwear,30,225,67500,27000,0.4,In-store
Foot Locker,1185732,11/6/2021,Northeast,Delaware,Wilmington,Women's Athletic Footwear,35,150,52500,21000,0.4,In-store
Foot Locker,1185732,12/5/2021,Northeast,New Jersey,Newark,Women's Athletic Footwear,30,100,30000,12000,0.4,In-store
Foot Locker,1185732,12/5/2021,Northeast,New Jersey,Newark,Men's Apparel,45,175,78750,23625,0.3,In-store
Sports Direct,1185732,12/5/2021,Northeast,New Jersey,Newark,Women's Apparel,35,275,96250,38500,0.4,In-store
Sports Direct,1185732,12/5/2021,Northeast,New Jersey,Newark,Women's Athletic Footwear,40,250,100000,40000,0.4,In-store
Sports Direct,1185732,12/5/2021,Northeast,New Jersey,Newark,Men's Apparel,50,250,125000,37500,0.3,In-store
Sports Direct,1185732,12/5/2021,Northeast,New Jersey,Newark,Women's Apparel,55,400,220000,88000,0.4,In-store
Sports Direct,1185732,1/6/2021,Northeast,New Jersey,Newark,Men's Street Footwear,50,625,312500,109375,0.35,In-store
Sports Direct,1185732,1/6/2021,Northeast,New Jersey,Newark,Men's Athletic Footwear,45,375,168750,59062.5,0.35,In-store
Sports Direct,1185732,1/6/2021,Northeast,New Jersey,Newark,Women's Street Footwear,40,300,120000,48000,0.4,In-store
Sports Direct,1185732,2/4/2021,Northeast,New Jersey,Newark,Women's Apparel,65,375,243750,97500,0.4,In-store
Sports Direct,1185732,2/4/2021,Northeast,New Jersey,Newark,Men's Street Footwear,40,500,200000,80000,0.4,In-store
Sports Direct,1185732,2/4/2021,Northeast,New Jersey,Newark,Men's Athletic Footwear,40,300,120000,48000,0.4,In-store
Sports Direct,1185732,3/2/2021,Northeast,New Jersey,Newark,Women's Street Footwear,30,300,90000,27000,0.3,In-store
Amazon,1185732,1/13/2021,Northeast,New Jersey,Newark,Women's Athletic Footwear,35,150,52500,15750,0.3,In-store
Amazon,1185732,1/13/2021,Northeast,New Jersey,Newark,Men's Apparel,50,200,100000,30000,0.3,In-store
Amazon,1185732,1/13/2021,Northeast,New Jersey,Newark,Women's Apparel,40,300,120000,42000,0.35,In-store
Amazon,1185732,1/13/2021,Northeast,New Jersey,Newark,Men's Street Footwear,40,550,220000,88000,0.4,In-store
Amazon,1185732,1/13/2021,Northeast,New Jersey,Newark,Men's Athletic Footwear,40,200,80000,32000,0.4,In-store
Amazon,1185732,2/11/2021,Northeast,New Jersey,Newark,Women's Street Footwear,30,250,75000,22500,0.3,In-store
Amazon,1185732,2/11/2021,Northeast,Connecticut,Hartford,Women's Athletic Footwear,35,125,43750,13125,0.3,In-store
Amazon,1185732,2/11/2021,Northeast,Connecticut,Hartford,Men's Apparel,50,200,100000,30000,0.3,In-store
Amazon,1185732,2/11/2021,Northeast,Connecticut,Hartford,Women's Apparel,40,300,120000,42000,0.35,In-store
Amazon,1185732,2/11/2021,Northeast,Connecticut,Hartford,Men's Apparel,55,250,137500,41250,0.3,In-store
Amazon,1185732,2/11/2021,Northeast,Connecticut,Hartford,Women's Apparel,60,375,225000,78750,0.35,In-store
Amazon,1185732,3/9/2021,Northeast,Connecticut,Hartford,Men's Street Footwear,55,625,343750,137500,0.4,In-store
Amazon,1185732,3/9/2021,Northeast,Connecticut,Hartford,Men's Athletic Footwear,50,375,187500,75000,0.4,In-store
Amazon,1185732,3/9/2021,Northeast,Connecticut,Hartford,Women's Street Footwear,45,300,135000,40500,0.3,In-store
Amazon,1185732,8/10/2021,Northeast,Connecticut,Hartford,Women's Athletic Footwear,45,275,123750,37125,0.3,In-store
Amazon,1185732,8/10/2021,Northeast,Connecticut,Hartford,Men's Apparel,55,275,151250,45375,0.3,In-store
Amazon,1185732,9/9/2021,Northeast,Connecticut,Hartford,Women's Apparel,60,425,255000,89250,0.35,In-store
Amazon,1185732,9/9/2021,Northeast,Connecticut,Hartford,Men's Street Footwear,55,650,357500,143000,0.4,In-store
Amazon,1185732,9/9/2021,Northeast,Connecticut,Hartford,Men's Athletic Footwear,50,400,200000,80000,0.4,In-store
Amazon,1185732,9/9/2021,Northeast,Connecticut,Hartford,Women's Street Footwear,45,325,146250,43875,0.3,In-store
Amazon,1185732,9/9/2021,Northeast,Connecticut,Hartford,Women's Street Footwear,25,225,56250,22500,0.4,In-store
Amazon,1185732,9/9/2021,Northeast,Connecticut,Hartford,Women's Athletic Footwear,30,75,22500,9000,0.4,In-store
Amazon,1185732,10/11/2021,Northeast,Connecticut,Hartford,Men's Apparel,45,125,56250,16875,0.3,In-store
Amazon,1185732,10/11/2021,Northeast,Connecticut,Hartford,Women's Apparel,35,225,78750,31500,0.4,In-store
Amazon,1185732,10/11/2021,Northeast,Connecticut,Hartford,Men's Street Footwear,35,475,166250,58187.5,0.35,In-store
Amazon,1185732,10/11/2021,Northeast,Connecticut,Hartford,Men's Athletic Footwear,35,125,43750,15312.5,0.35,In-store
Amazon,1185732,10/11/2021,Northeast,Connecticut,Hartford,Women's Street Footwear,25,175,43750,17500,0.4,In-store
Amazon,1185732,10/11/2021,Northeast,Rhode Island,Providence,Women's Athletic Footwear,30,50,15000,6000,0.4,In-store
Amazon,1185732,11/10/2021,Northeast,Rhode Island,Providence,Men's Apparel,45,125,56250,16875,0.3,In-store
Amazon,1185732,11/10/2021,Northeast,Rhode Island,Providence,Men's Apparel,50,200,100000,30000,0.3,In-store
Amazon,1185732,11/10/2021,Northeast,Rhode Island,Providence,Women's Apparel,55,350,192500,77000,0.4,In-store
Amazon,1185732,11/10/2021,Northeast,Rhode Island,Providence,Men's Street Footwear,50,575,287500,100625,0.35,In-store
Amazon,1185732,11/10/2021,Northeast,Rhode Island,Providence,Men's Street Footwear,40,500,200000,60000,0.3,In-store
Amazon,1185732,11/10/2021,Northeast,Rhode Island,Providence,Men's Athletic Footwear,40,150,60000,18000,0.3,In-store
Amazon,1185732,12/9/2021,Northeast,Rhode Island,Providence,Women's Street Footwear,30,200,60000,15000,0.25,In-store
Amazon,1185732,12/9/2021,Northeast,Massachusetts,Boston,Women's Athletic Footwear,35,250,87500,21875,0.25,In-store
West Gear,1185732,12/9/2021,Northeast,Massachusetts,Boston,Men's Apparel,50,150,75000,18750,0.25,In-store
West Gear,1185732,12/9/2021,Northeast,Massachusetts,Boston,Women's Apparel,40,250,100000,30000,0.3,In-store
West Gear,1185732,12/9/2021,Northeast,Massachusetts,Boston,Men's Athletic Footwear,50,350,175000,52500,0.3,In-store
West Gear,1185732,12/9/2021,Northeast,Massachusetts,Boston,Women's Street Footwear,45,275,123750,30937.5,0.25,In-store
Amazon,1185732,1/22/2021,Northeast,Massachusetts,Boston,Women's Athletic Footwear,45,225,101250,25312.5,0.25,In-store
Amazon,1185732,1/22/2021,Northeast,Massachusetts,Boston,Men's Apparel,55,250,137500,34375,0.25,In-store
Amazon,1185732,1/22/2021,Northeast,Massachusetts,Boston,Women's Apparel,60,425,255000,76500,0.3,In-store
Amazon,1185732,1/22/2021,Northeast,Massachusetts,Boston,Women's Street Footwear,55,295,162250,40562.5,0.25,In-store
Amazon,1185732,1/22/2021,Northeast,Massachusetts,Boston,Women's Athletic Footwear,55,275,151250,37812.5,0.25,In-store
Amazon,1185732,1/22/2021,Northeast,Massachusetts,Boston,Men's Apparel,65,250,162500,40625,0.25,In-store
Amazon,1185732,2/22/2021,Northeast,Massachusetts,Boston,Women's Apparel,70,350,245000,73500,0.3,In-store
Amazon,1185732,2/22/2021,Northeast,Massachusetts,Boston,Men's Street Footwear,65,575,373750,112125,0.3,In-store
Amazon,1185732,2/22/2021,Northeast,Massachusetts,Boston,Men's Athletic Footwear,55,375,206250,61875,0.3,In-store
Amazon,1185732,2/22/2021,Northeast,Massachusetts,Boston,Women's Street Footwear,55,350,192500,48125,0.25,In-store
Amazon,1185732,3/21/2021,Northeast,Vermont,Burlington,Women's Athletic Footwear,40,150,60000,21000,0.35,In-store
Amazon,1185732,8/22/2021,Northeast,Vermont,Burlington,Women's Apparel,65,400,260000,104000,0.4,In-store
Amazon,1185732,8/22/2021,Northeast,Vermont,Burlington,Men's Street Footwear,60,525,315000,141750,0.45,In-store
Amazon,1185732,8/22/2021,Northeast,Vermont,Burlington,Men's Athletic Footwear,55,325,178750,80437.5,0.45,In-store
Amazon,1185732,8/22/2021,Northeast,Vermont,Burlington,Women's Street Footwear,50,225,112500,39375,0.35,In-store
Amazon,1185732,8/22/2021,Northeast,Vermont,Burlington,Women's Athletic Footwear,50,200,100000,35000,0.35,In-store
Amazon,1185732,8/22/2021,Northeast,Vermont,Burlington,Men's Apparel,60,200,120000,42000,0.35,In-store
Amazon,1185732,9/23/2021,Northeast,Vermont,Burlington,Men's Street Footwear,50,600,300000,120000,0.4,In-store
Amazon,1185732,9/23/2021,Northeast,Vermont,Burlington,Men's Athletic Footwear,50,250,125000,50000,0.4,In-store
Foot Locker,1185732,1/20/2021,Northeast,New Hampshire,Manchester,Women's Athletic Footwear,45,200,90000,27000,0.3,In-store
Foot Locker,1185732,1/20/2021,Northeast,New Hampshire,Manchester,Men's Apparel,60,275,165000,49500,0.3,In-store
Foot Locker,1185732,1/20/2021,Northeast,New Hampshire,Manchester,Women's Apparel,50,375,187500,65625,0.35,In-store
Foot Locker,1185732,1/20/2021,Northeast,New Hampshire,Manchester,Men's Street Footwear,50,570,285000,114000,0.4,In-store
Foot Locker,1185732,1/20/2021,Northeast,New Hampshire,Manchester,Men's Athletic Footwear,60,450,270000,108000,0.4,Outlet
Foot Locker,1185732,2/18/2021,Northeast,New Hampshire,Manchester,Women's Street Footwear,55,375,206250,61875,0.3,Outlet
Foot Locker,1185732,2/18/2021,Northeast,New Hampshire,Manchester,Women's Street Footwear,45,300,135000,33750,0.25,Outlet
Foot Locker,1185732,2/18/2021,Northeast,New Hampshire,Manchester,Women's Athletic Footwear,50,150,75000,18750,0.25,Outlet
Foot Locker,1185732,2/18/2021,Northeast,New Hampshire,Manchester,Men's Apparel,65,200,130000,32500,0.25,Outlet
Foot Locker,1185732,2/18/2021,Northeast,New Hampshire,Manchester,Women's Apparel,55,300,165000,49500,0.3,Outlet
Foot Locker,1185732,2/18/2021,Northeast,New Hampshire,Manchester,Men's Street Footwear,55,575,316250,110687.5,0.35,Outlet
Foot Locker,1185732,3/16/2021,Northeast,New Hampshire,Manchester,Men's Athletic Footwear,55,225,123750,43312.5,0.35,Outlet
Foot Locker,1185732,3/16/2021,Northeast,New Hampshire,Manchester,Women's Street Footwear,45,275,123750,30937.5,0.25,Outlet
Walmart,1185732,8/17/2021,Northeast,New York,New York,Women's Apparel,49,238,11662,4314.94,0.37,Online
Walmart,1185732,8/17/2021,Northeast,New York,New York,Men's Street Footwear,54,317,17118,10955.52,0.64,Online
Walmart,1185732,8/17/2021,Northeast,New York,New York,Men's Athletic Footwear,50,259,12950,5180,0.4,Online
Walmart,1185732,9/16/2021,Northeast,New York,New York,Women's Street Footwear,46,261,12006,5642.82,0.47,Online
Walmart,1185732,9/16/2021,Northeast,New York,New York,Women's Athletic Footwear,46,230,10580,5078.4,0.48,Online
Sports Direct,1185732,12/16/2021,Northeast,New York,New York,Women's Athletic Footwear,47,252,11844,5448.24,0.46,Online
Sports Direct,1185732,12/16/2021,Northeast,New York,New York,Men's Apparel,58,252,14616,5846.4,0.4,Online
Sports Direct,1185732,12/16/2021,Northeast,New York,New York,Women's Apparel,59,280,16520,6608,0.4,Online
West Gear,1197831,12/19/2021,Northeast,New York,New York,Men's Apparel,64,236,15104,6343.68,0.42,Online
West Gear,1197831,12/19/2021,Northeast,New York,New York,Women's Apparel,68,290,19720,7493.6,0.38,Online
West Gear,1197831,12/19/2021,Northeast,New York,New York,Men's Street Footwear,60,299,17940,10764,0.6,Online
West Gear,1197831,12/19/2021,Northeast,New York,New York,Men's Athletic Footwear,53,273,14469,6221.67,0.43,Online
West Gear,1197831,12/19/2021,Northeast,New York,New York,Women's Street Footwear,52,258,13416,6439.68,0.48,Online
West Gear,1197831,1/23/2021,Northeast,New York,New York,Women's Athletic Footwear,50,252,12600,6174,0.49,Online
West Gear,1197831,1/23/2021,Northeast,New York,New York,Men's Apparel,64,254,16256,6827.52,0.42,Online
West Gear,1197831,1/23/2021,South,Texas,Houston,Men's Apparel,36,154,5544,2383.92,0.43,Online
West Gear,1197831,1/23/2021,South,Texas,Houston,Women's Apparel,34,203,6902,4417.28,0.64,Online
West Gear,1197831,1/23/2021,South,Texas,Houston,Men's Street Footwear,23,213,4899,2449.5,0.5,Online
West Gear,1197831,1/23/2021,South,Texas,Houston,Men's Athletic Footwear,33,255,8415,3786.75,0.45,Online
West Gear,1197831,2/21/2021,South,Texas,Houston,Women's Street Footwear,32,176,5632,2534.4,0.45,Online
West Gear,1197831,2/21/2021,South,Texas,Houston,Women's Athletic Footwear,34,175,5950,3570,0.6,Online
West Gear,1197831,2/21/2021,South,Texas,Houston,Men's Apparel,38,125,4750,2137.5,0.45,Online
West Gear,1197831,2/21/2021,South,Texas,Houston,Women's Apparel,34,196,6664,4198.32,0.63,Online
West Gear,1197831,2/21/2021,South,Texas,Houston,Men's Street Footwear,29,254,7366,3314.7,0.45,Online
West Gear,1197831,2/21/2021,South,Texas,Houston,Men's Athletic Footwear,39,236,9204,4141.8,0.45,Online
West Gear,1197831,8/20/2021,South,Texas,Houston,Women's Street Footwear,32,182,5824,2853.76,0.49,Online
West Gear,1197831,9/19/2021,South,Texas,Houston,Women's Athletic Footwear,37,174,6438,3734.04,0.58,Online
West Gear,1197831,9/19/2021,South,Texas,Houston,Men's Apparel,41,125,5125,2050,0.4,Online
West Gear,1197831,9/19/2021,South,Texas,Houston,Women's Apparel,46,225,10350,6727.5,0.65,Online
West Gear,1197831,9/19/2021,South,Texas,Houston,Men's Street Footwear,44,255,11220,5385.6,0.48,Online
Kohl's,1197831,2/14/2021,South,Texas,Houston,Men's Street Footwear,41,238,9758,4683.84,0.48,Online
Kohl's,1197831,2/14/2021,South,Texas,Houston,Men's Athletic Footwear,44,285,12540,6019.2,0.48,Online
Kohl's,1197831,2/14/2021,South,Texas,Houston,Women's Street Footwear,47,255,11985,5872.65,0.49,Online
Kohl's,1197831,2/14/2021,South,Texas,Houston,Women's Athletic Footwear,47,182,8554,4961.32,0.58,Online
Kohl's,1197831,2/14/2021,South,Texas,Houston,Men's Apparel,42,169,7098,3194.1,0.45,Online
Kohl's,1197831,2/14/2021,South,Texas,Houston,Women's Apparel,53,261,13833,8576.46,0.62,Online
Kohl's,1197831,8/13/2021,West,California,San Francisco,Men's Apparel,51,161,8211,5172.93,0.63,Online
Kohl's,1197831,8/13/2021,West,California,San Francisco,Women's Apparel,49,233,11417,2854.25,0.25,Online
Kohl's,1197831,8/13/2021,West,California,Los Angeles,Women's Apparel,41,188,7708,2697.8,0.35,Online
Kohl's,1197831,9/12/2021,West,California,Los Angeles,Men's Street Footwear,43,240,10320,5160,0.5,Online
Kohl's,1197831,9/12/2021,West,California,Los Angeles,Men's Athletic Footwear,49,156,7644,2751.84,0.36,Online
Kohl's,1197831,9/12/2021,West,California,Los Angeles,Women's Street Footwear,48,203,9744,5359.2,0.55,Online
Kohl's,1197831,9/12/2021,West,California,Los Angeles,Women's Athletic Footwear,44,175,7700,3696,0.48,Online
Kohl's,1197831,9/12/2021,West,California,Los Angeles,Men's Apparel,45,125,5625,3881.25,0.69,Online
Kohl's,1197831,9/12/2021,West,California,Los Angeles,Women's Apparel,60,200,12000,3720,0.31,Online
Foot Locker,1185732,1/12/2021,West,California,Los Angeles,Men's Street Footwear,41,238,9758,4976.58,0.51,Online
Foot Locker,1185732,1/12/2021,West,California,Los Angeles,Men's Athletic Footwear,46,216,9936,3775.68,0.38,Online
Foot Locker,1185732,1/12/2021,West,California,Los Angeles,Women's Street Footwear,47,218,10246,5327.92,0.52,Online
Foot Locker,1185732,1/12/2021,West,California,Los Angeles,Men's Athletic Footwear,54,215,11610,4411.8,0.38,Online
Foot Locker,1185732,2/12/2021,West,California,Los Angeles,Women's Street Footwear,47,169,7943,3971.5,0.5,Online
Foot Locker,1185732,2/12/2021,West,California,Los Angeles,Women's Athletic Footwear,47,176,8272,3722.4,0.45,Online
Foot Locker,1185732,2/12/2021,West,California,Los Angeles,Men's Apparel,55,174,9570,6603.3,0.69,Online
Foot Locker,1185732,2/12/2021,West,California,Los Angeles,Women's Apparel,59,189,11151,3791.34,0.34,Online
Foot Locker,1185732,2/12/2021,West,California,Los Angeles,Men's Street Footwear,49,225,11025,5622.75,0.51,Online
Foot Locker,1185732,2/12/2021,West,California,Los Angeles,Men's Athletic Footwear,50,243,12150,4617,0.38,Online
Foot Locker,1185732,3/11/2021,West,California,Los Angeles,Women's Street Footwear,46,182,8372,4520.88,0.54,Online
Foot Locker,1185732,3/11/2021,West,California,Los Angeles,Women's Athletic Footwear,49,210,10290,5145,0.5,Online
Foot Locker,1185732,7/11/2021,West,California,Los Angeles,Men's Apparel,55,156,8580,5577,0.65,Online
Foot Locker,1185732,7/11/2021,West,California,Los Angeles,Women's Apparel,59,196,11564,4047.4,0.35,Online
Foot Locker,1185732,7/11/2021,West,California,Los Angeles,Men's Street Footwear,44,124,5456,2837.12,0.52,Online
Sports Direct,1185732,12/11/2021,West,California,Los Angeles,Men's Athletic Footwear,41,77,3157,1452.22,0.46,Online
Sports Direct,1185732,12/11/2021,West,California,Los Angeles,Women's Street Footwear,32,83,2656,1248.32,0.47,Online
Sports Direct,1185732,12/11/2021,West,California,Los Angeles,Women's Athletic Footwear,37,34,1258,654.16,0.52,Online
Sports Direct,1185732,12/11/2021,Midwest,Illinois,Chicago,Men's Street Footwear,46,135,6210,3415.5,0.55,Online
Sports Direct,1185732,12/11/2021,Midwest,Illinois,Chicago,Men's Athletic Footwear,43,63,2709,1219.05,0.45,Online
Sports Direct,1185732,12/11/2021,Midwest,Illinois,Chicago,Women's Street Footwear,39,54,2106,947.7,0.45,Online
Sports Direct,1185732,1/9/2021,Midwest,Illinois,Chicago,Women's Athletic Footwear,38,47,1786,946.58,0.53,Online
Sports Direct,1185732,1/9/2021,Midwest,Illinois,Chicago,Men's Apparel,49,50,2450,1225,0.5,Online
Sports Direct,1185732,2/9/2021,Midwest,Illinois,Chicago,Women's Apparel,50,94,4700,3055,0.65,Online
Sports Direct,1185732,2/9/2021,Midwest,Illinois,Chicago,Men's Street Footwear,47,135,6345,3172.5,0.5,Online
Sports Direct,1185732,2/9/2021,Midwest,Illinois,Chicago,Men's Athletic Footwear,41,84,3444,1687.56,0.49,Online
Sports Direct,1185732,3/8/2021,Midwest,Illinois,Chicago,Women's Street Footwear,36,60,2160,1015.2,0.47,Online
Sports Direct,1185732,3/8/2021,Midwest,Illinois,Chicago,Women's Athletic Footwear,36,44,1584,839.52,0.53,Online
Sports Direct,1185732,8/9/2021,Midwest,Illinois,Chicago,Men's Apparel,49,49,2401,1104.46,0.46,Online
Sports Direct,1185732,8/9/2021,Midwest,Illinois,Chicago,Women's Apparel,53,73,3869,2476.16,0.64,Online
Sports Direct,1185732,8/9/2021,South,Texas,Dallas,Men's Street Footwear,18,182,3276,1474.2,0.45,Online
Sports Direct,1185732,9/10/2021,South,Texas,Dallas,Men's Athletic Footwear,28,175,4900,2352,0.48,Online
Sports Direct,1185732,9/10/2021,South,Texas,Dallas,Women's Street Footwear,25,152,3800,1862,0.49,Online
Sports Direct,1185732,9/10/2021,South,Texas,Dallas,Women's Athletic Footwear,29,128,3712,2190.08,0.59,Online
Sports Direct,1185732,9/10/2021,South,Texas,Dallas,Men's Apparel,34,85,2890,1156,0.4,Online
Sports Direct,1185732,9/10/2021,South,Texas,Dallas,Women's Apparel,29,156,4524,2804.88,0.62,Online
Sports Direct,1185732,9/10/2021,South,Texas,Dallas,Women's Street Footwear,41,144,5904,3070.08,0.52,Online
Sports Direct,1185732,10/9/2021,South,Texas,Dallas,Women's Athletic Footwear,41,111,4551,2730.6,0.6,Online
Sports Direct,1185732,10/9/2021,South,Texas,Dallas,Men's Apparel,36,100,3600,1620,0.45,Online
Sports Direct,1185732,10/9/2021,South,Texas,Dallas,Women's Apparel,45,161,7245,5071.5,0.7,Online
Sports Direct,1185732,10/9/2021,South,Texas,Dallas,Men's Street Footwear,38,181,6878,3782.9,0.55,Online
Sports Direct,1185732,10/9/2021,South,Texas,Dallas,Men's Athletic Footwear,37,218,8066,4033,0.5,Online
Foot Locker,1185732,10/9/2021,South,Texas,Dallas,Women's Street Footwear,63,176,11088,6098.4,0.55,Online
Foot Locker,1185732,11/9/2021,South,Texas,Dallas,Women's Athletic Footwear,59,145,8555,5304.1,0.62,Online
Foot Locker,1185732,11/9/2021,South,Texas,Dallas,Men's Apparel,56,138,7728,3709.44,0.48,Online
Foot Locker,1185732,11/9/2021,Northeast,Pennsylvania,Philadelphia,Men's Apparel,64,42,2688,1290.24,0.48,Online
Foot Locker,1185732,11/9/2021,Northeast,Pennsylvania,Philadelphia,Women's Apparel,71,65,4615,2030.6,0.44,Online
Foot Locker,1185732,1/6/2021,Northeast,Pennsylvania,Philadelphia,Men's Street Footwear,67,124,8308,5732.52,0.69,Online
Foot Locker,1185732,1/6/2021,Northeast,Pennsylvania,Philadelphia,Men's Athletic Footwear,55,69,3795,1707.75,0.45,Online
Foot Locker,1185732,1/6/2021,Northeast,Pennsylvania,Philadelphia,Women's Street Footwear,55,65,3575,1894.75,0.53,Online
Foot Locker,1185732,1/6/2021,Northeast,Pennsylvania,Philadelphia,Women's Athletic Footwear,57,53,3021,1601.13,0.53,Online
Foot Locker,1185732,2/6/2021,Northeast,Pennsylvania,Philadelphia,Men's Apparel,63,47,2961,1362.06,0.46,Online
Foot Locker,1185732,2/6/2021,Northeast,Pennsylvania,Philadelphia,Women's Apparel,68,83,5644,2426.92,0.43,Online
Foot Locker,1185732,2/6/2021,Northeast,Pennsylvania,Philadelphia,Men's Street Footwear,32,122,3904,1991.04,0.51,Online
Foot Locker,1185732,2/6/2021,Northeast,Pennsylvania,Philadelphia,Men's Athletic Footwear,44,117,5148,1904.76,0.37,Online
Foot Locker,1185732,2/6/2021,Northeast,Pennsylvania,Philadelphia,Women's Street Footwear,41,117,4797,2590.38,0.54,Online
Foot Locker,1185732,2/6/2021,Northeast,Pennsylvania,Philadelphia,Women's Athletic Footwear,43,87,3741,1870.5,0.5,Online
Foot Locker,1185732,3/5/2021,West,Nevada,Las Vegas,Women's Apparel,73,174,12702,5080.8,0.4,Online
Foot Locker,1185732,3/5/2021,West,Nevada,Las Vegas,Men's Street Footwear,58,218,12644,6701.32,0.53,Online
Foot Locker,1185732,6/6/2021,West,Nevada,Las Vegas,Men's Athletic Footwear,61,174,10614,3821.04,0.36,Online
Foot Locker,1185732,6/6/2021,West,Nevada,Las Vegas,Women's Street Footwear,61,143,8723,4623.19,0.53,Online
Foot Locker,1185732,7/5/2021,West,Nevada,Las Vegas,Women's Athletic Footwear,55,117,6435,3153.15,0.49,Online
Foot Locker,1185732,7/5/2021,West,Nevada,Las Vegas,Men's Apparel,60,130,7800,5460,0.7,Online
Foot Locker,1185732,7/5/2021,West,Nevada,Las Vegas,Women's Apparel,78,145,11310,3393,0.3,Online
Foot Locker,1185732,7/5/2021,West,Nevada,Las Vegas,Men's Street Footwear,62,210,13020,6900.6,0.53,Online
Foot Locker,1185732,7/5/2021,West,Nevada,Las Vegas,Men's Athletic Footwear,64,182,11648,4542.72,0.39,Online
Foot Locker,1185732,7/5/2021,West,Nevada,Las Vegas,Women's Street Footwear,60,152,9120,4742.4,0.52,Online
Foot Locker,1185732,8/6/2021,West,Nevada,Las Vegas,Women's Athletic Footwear,64,124,7936,3729.92,0.47,Online
Foot Locker,1185732,8/6/2021,West,Nevada,Las Vegas,Women's Street Footwear,59,119,7021,3299.87,0.47,Online
Foot Locker,1185732,8/6/2021,West,Nevada,Las Vegas,Women's Athletic Footwear,57,133,7581,3335.64,0.44,Online
Foot Locker,1185732,8/6/2021,West,Nevada,Las Vegas,Men's Apparel,69,112,7728,4636.8,0.6,Online
Foot Locker,1185732,8/6/2021,West,Nevada,Las Vegas,Women's Apparel,74,150,11100,2997,0.27,Online
Foot Locker,1185732,8/6/2021,West,Colorado,Denver,Men's Apparel,66,91,6006,4624.62,0.77,Online
Foot Locker,1185732,9/7/2021,West,Colorado,Denver,Women's Apparel,83,181,15023,6459.89,0.43,Online
Foot Locker,1185732,9/7/2021,West,Colorado,Denver,Men's Street Footwear,64,202,12928,7756.8,0.6,Online
Foot Locker,1185732,9/7/2021,West,Colorado,Denver,Men's Athletic Footwear,67,188,12596,5038.4,0.4,Online
Foot Locker,1185732,9/7/2021,West,Colorado,Denver,Women's Street Footwear,67,161,10787,5932.85,0.55,Online
Foot Locker,1185732,9/7/2021,West,Colorado,Denver,Women's Athletic Footwear,61,143,8723,4535.96,0.52,Online
Foot Locker,1185732,9/7/2021,West,Colorado,Denver,Men's Apparel,67,131,8777,6143.9,0.7,Online
Foot Locker,1185732,10/6/2021,West,Colorado,Denver,Women's Apparel,78,137,10686,4274.4,0.4,Online
Foot Locker,1185732,10/6/2021,West,Colorado,Denver,Men's Street Footwear,63,196,12348,7285.32,0.59,Online
Foot Locker,1185732,10/6/2021,West,Colorado,Denver,Men's Apparel,68,105,7140,4926.6,0.69,Online
Foot Locker,1185732,10/6/2021,West,Colorado,Denver,Women's Apparel,73,130,9490,2941.9,0.31,Online
Foot Locker,1185732,10/6/2021,West,Colorado,Denver,Men's Street Footwear,59,203,11977,6228.04,0.52,Online
West Gear,1185732,10/6/2021,West,Colorado,Denver,Men's Athletic Footwear,64,182,11648,4426.24,0.38,Online
West Gear,1185732,11/6/2021,West,Colorado,Denver,Women's Street Footwear,60,125,7500,4125,0.55,Online
West Gear,1185732,11/6/2021,West,Colorado,Denver,Women's Athletic Footwear,63,125,7875,3543.75,0.45,Online
West Gear,1185732,11/6/2021,West,Colorado,Denver,Men's Apparel,68,115,7820,5239.4,0.67,Online
West Gear,1185732,11/6/2021,West,Colorado,Denver,Women's Apparel,75,137,10275,3390.75,0.33,Online
West Gear,1185732,11/6/2021,West,Colorado,Denver,Men's Street Footwear,36,117,4212,1726.92,0.41,Online
West Gear,1185732,11/6/2021,West,Colorado,Denver,Men's Athletic Footwear,48,131,6288,2515.2,0.4,Online
West Gear,1185732,12/5/2021,West,Colorado,Denver,Women's Street Footwear,46,135,6210,2173.5,0.35,Online
West Gear,1185732,2/3/2021,West,Colorado,Denver,Women's Athletic Footwear,49,78,3822,1567.02,0.41,Online
West Gear,1185732,6/3/2021,West,Washington,Seattle,Men's Athletic Footwear,47,131,6157,2401.23,0.39,Online
West Gear,1185732,6/3/2021,West,Washington,Seattle,Women's Street Footwear,47,122,5734,2236.26,0.39,Online
West Gear,1185732,7/2/2021,West,Washington,Seattle,Women's Athletic Footwear,48,87,4176,1753.92,0.42,Online
West Gear,1185732,7/2/2021,West,Washington,Seattle,Men's Athletic Footwear,74,188,13912,5147.44,0.37,Online
West Gear,1185732,10/3/2021,West,Washington,Seattle,Women's Street Footwear,72,163,11736,4459.68,0.38,Online
West Gear,1185732,10/3/2021,West,Washington,Seattle,Women's Athletic Footwear,75,125,9375,3750,0.4,Online
West Gear,1185732,11/3/2021,West,Washington,Seattle,Men's Apparel,82,105,8610,3357.9,0.39,Online
West Gear,1185732,11/3/2021,West,Washington,Seattle,Women's Apparel,98,182,17836,6064.24,0.34,Online
West Gear,1185732,11/3/2021,West,Washington,Seattle,Men's Street Footwear,44,273,12012,6606.6,0.55,Online
West Gear,1185732,11/3/2021,West,Washington,Seattle,Men's Athletic Footwear,41,221,9061,4439.89,0.49,Online
West Gear,1185732,11/3/2021,West,Washington,Seattle,Women's Street Footwear,34,230,7820,3049.8,0.39,Online
West Gear,1185732,11/3/2021,West,Washington,Seattle,Women's Athletic Footwear,38,175,6650,2660,0.4,Online
West Gear,1185732,12/2/2021,Southeast,Florida,Miami,Men's Apparel,50,195,9750,4875,0.5,Online
West Gear,1185732,12/2/2021,Southeast,Florida,Miami,Women's Apparel,41,247,10127,6278.74,0.62,Online
West Gear,1185732,12/2/2021,Southeast,Florida,Miami,Men's Street Footwear,43,319,13717,7818.69,0.57,Online
West Gear,1185732,12/2/2021,Southeast,Florida,Miami,Men's Athletic Footwear,43,195,8385,4108.65,0.49,Online
West Gear,1185732,12/2/2021,Southeast,Florida,Miami,Women's Street Footwear,32,240,7680,2918.4,0.38,Online
West Gear,1185732,12/2/2021,Southeast,Florida,Miami,Women's Athletic Footwear,38,169,6422,2825.68,0.44,Online
West Gear,1185732,1/10/2021,Southeast,Florida,Miami,Men's Apparel,53,218,11554,5545.92,0.48,Online
West Gear,1185732,1/10/2021,Southeast,Florida,Miami,Women's Street Footwear,53,231,12243,4529.91,0.37,Online
West Gear,1185732,1/10/2021,Southeast,Florida,Miami,Women's Athletic Footwear,44,233,10252,4100.8,0.4,Online
West Gear,1185732,1/10/2021,Southeast,Florida,Miami,Men's Apparel,52,225,11700,5265,0.45,Online
West Gear,1185732,1/10/2021,Southeast,Florida,Miami,Women's Apparel,56,278,15568,9496.48,0.61,Online
West Gear,1185732,2/10/2021,Southeast,Florida,Miami,Men's Street Footwear,53,284,15052,8278.6,0.55,Online
West Gear,1185732,2/10/2021,Southeast,Florida,Miami,Men's Athletic Footwear,46,255,11730,5278.5,0.45,Online
West Gear,1185732,2/10/2021,Southeast,Florida,Miami,Women's Street Footwear,41,225,9225,3413.25,0.37,Online
West Gear,1185732,3/9/2021,Southeast,Florida,Miami,Women's Athletic Footwear,42,210,8820,3792.6,0.43,Online
West Gear,1185732,10/10/2021,Southeast,Florida,Miami,Men's Apparel,50,210,10500,5250,0.5,Online
West Gear,1185732,10/10/2021,Southeast,Florida,Miami,Women's Apparel,55,223,12265,7726.95,0.63,Online
West Gear,1185732,10/10/2021,Midwest,Minnesota,Minneapolis,Men's Street Footwear,36,120,4320,2030.4,0.47,Online
West Gear,1185732,11/10/2021,Midwest,Minnesota,Minneapolis,Men's Athletic Footwear,38,28,1064,446.88,0.42,Online
West Gear,1185732,11/10/2021,Midwest,Minnesota,Minneapolis,Women's Street Footwear,29,26,754,331.76,0.44,Online
West Gear,1185732,11/10/2021,Midwest,Minnesota,Minneapolis,Women's Athletic Footwear,32,7,224,112,0.5,Online
West Gear,1185732,11/10/2021,Midwest,Minnesota,Minneapolis,Men's Apparel,47,14,658,263.2,0.4,Online
West Gear,1185732,11/10/2021,Midwest,Minnesota,Minneapolis,Women's Apparel,36,53,1908,1144.8,0.6,Online
West Gear,1185732,11/10/2021,Midwest,Minnesota,Minneapolis,Men's Street Footwear,48,116,5568,2616.96,0.47,Online
West Gear,1185732,12/9/2021,Midwest,Minnesota,Minneapolis,Men's Athletic Footwear,44,44,1936,793.76,0.41,Online
West Gear,1185732,12/9/2021,Midwest,Minnesota,Minneapolis,Men's Athletic Footwear,42,77,3234,1455.3,0.45,Online
West Gear,1185732,12/9/2021,Midwest,Minnesota,Minneapolis,Women's Street Footwear,44,56,2464,1010.24,0.41,Online
West Gear,1185732,12/9/2021,Midwest,Minnesota,Minneapolis,Women's Athletic Footwear,44,49,2156,1056.44,0.49,Online
West Gear,1185732,12/9/2021,Midwest,Minnesota,Minneapolis,Men's Apparel,54,44,2376,974.16,0.41,Online
West Gear,1185732,12/9/2021,Midwest,Minnesota,Minneapolis,Women's Apparel,54,77,4158,2370.06,0.57,Online
West Gear,1185732,1/17/2021,Midwest,Minnesota,Minneapolis,Men's Street Footwear,32,119,3808,2208.64,0.58,Online
West Gear,1185732,1/17/2021,Midwest,Minnesota,Minneapolis,Men's Athletic Footwear,43,128,5504,2311.68,0.42,Online
West Gear,1185732,2/17/2021,Midwest,Minnesota,Minneapolis,Women's Street Footwear,41,119,4879,2878.61,0.59,Online
West Gear,1185732,2/17/2021,Midwest,Minnesota,Minneapolis,Women's Athletic Footwear,44,98,4312,2242.24,0.52,Online
West Gear,1185732,6/17/2021,Midwest,Montana,Billings,Men's Athletic Footwear,41,115,4715,1933.15,0.41,Online
West Gear,1185732,6/17/2021,Midwest,Montana,Billings,Women's Street Footwear,42,128,5376,3064.32,0.57,Online
West Gear,1185732,6/17/2021,Midwest,Montana,Billings,Women's Athletic Footwear,44,91,4004,2122.12,0.53,Online
West Gear,1185732,7/16/2021,Midwest,Montana,Billings,Men's Apparel,48,60,2880,2044.8,0.71,Online
West Gear,1185732,7/16/2021,Midwest,Montana,Billings,Women's Apparel,42,112,4704,1834.56,0.39,Online
West Gear,1185732,7/16/2021,Midwest,Montana,Billings,Men's Street Footwear,44,161,7084,4179.56,0.59,Online
West Gear,1185732,7/16/2021,Midwest,Montana,Billings,Men's Athletic Footwear,43,101,4343,1954.35,0.45,Online
West Gear,1185732,7/16/2021,Midwest,Montana,Billings,Women's Street Footwear,44,120,5280,3168,0.6,Online
West Gear,1185732,7/16/2021,Midwest,Montana,Billings,Women's Athletic Footwear,36,78,2808,1404,0.5,Online
West Gear,1185732,8/17/2021,Midwest,Montana,Billings,Men's Apparel,44,56,2464,1823.36,0.74,Online
West Gear,1185732,8/17/2021,Midwest,Montana,Billings,Women's Apparel,55,101,5555,2166.45,0.39,Online
West Gear,1185732,12/16/2021,Midwest,Montana,Billings,Men's Street Footwear,39,150,5850,3334.5,0.57,Online
Foot Locker,1185732,12/16/2021,Midwest,Montana,Billings,Men's Athletic Footwear,41,106,4346,1912.24,0.44,Online
Foot Locker,1185732,12/16/2021,Midwest,Montana,Billings,Women's Street Footwear,44,111,4884,2686.2,0.55,Online
Foot Locker,1185732,12/16/2021,Midwest,Montana,Billings,Women's Street Footwear,27,130,3510,1579.5,0.45,Online
Foot Locker,1185732,1/24/2021,Midwest,Montana,Billings,Women's Athletic Footwear,32,135,4320,2462.4,0.57,Online
Foot Locker,1185732,1/24/2021,South,Tennessee,Knoxville,Men's Apparel,28,84,2352,1058.4,0.45,Online
West Gear,1185732,2/22/2021,South,Tennessee,Knoxville,Women's Apparel,24,161,3864,2627.52,0.68,Online
Foot Locker,1185732,7/20/2021,South,Tennessee,Knoxville,Men's Street Footwear,14,189,2646,1323,0.5,Online
Sports Direct,1185732,7/20/2021,South,Tennessee,Knoxville,Men's Athletic Footwear,23,218,5014,2507,0.5,Online
Sports Direct,1185732,7/20/2021,South,Tennessee,Knoxville,Women's Street Footwear,19,180,3420,1846.8,0.54,Online
Sports Direct,1185732,7/20/2021,South,Tennessee,Knoxville,Women's Athletic Footwear,27,142,3834,2300.4,0.6,Online
Sports Direct,1185732,7/20/2021,South,Tennessee,Knoxville,Men's Apparel,41,106,4346,2129.54,0.49,Online
Sports Direct,1185732,7/20/2021,South,Tennessee,Knoxville,Women's Apparel,38,202,7676,5142.92,0.67,Online
Sports Direct,1185732,8/21/2021,South,Tennessee,Knoxville,Men's Street Footwear,36,217,7812,3984.12,0.51,Online
Sports Direct,1185732,8/21/2021,South,Tennessee,Knoxville,Men's Athletic Footwear,42,202,8484,4326.84,0.51,Online
Sports Direct,1185732,8/21/2021,South,Tennessee,Knoxville,Women's Street Footwear,36,169,6084,3102.84,0.51,Online
Sports Direct,1185732,8/21/2021,South,Tennessee,Knoxville,Women's Street Footwear,36,147,5292,3069.36,0.58,Online
Sports Direct,1185732,8/21/2021,South,Tennessee,Knoxville,Women's Street Footwear,24,65,1560,748.8,0.48,Online
Sports Direct,1185732,8/21/2021,South,Tennessee,Knoxville,Women's Athletic Footwear,27,19,513,271.89,0.53,Online
Sports Direct,1185732,9/20/2021,Midwest,Nebraska,Omaha,Men's Apparel,43,35,1505,677.25,0.45,Online
Sports Direct,1185732,9/20/2021,Midwest,Nebraska,Omaha,Women's Apparel,32,68,2176,1327.36,0.61,Online
Sports Direct,1185732,9/20/2021,Midwest,Nebraska,Omaha,Men's Street Footwear,32,119,3808,2056.32,0.54,Online
Sports Direct,1185732,9/20/2021,Midwest,Nebraska,Omaha,Women's Apparel,34,39,1326,822.12,0.62,Online
Sports Direct,1185732,9/20/2021,Midwest,Nebraska,Omaha,Men's Street Footwear,44,118,5192,2803.68,0.54,Online
Sports Direct,1185732,9/20/2021,Midwest,Nebraska,Omaha,Men's Athletic Footwear,38,33,1254,627,0.5,Online
Sports Direct,1185732,10/22/2021,Midwest,Nebraska,Omaha,Women's Street Footwear,32,30,960,460.8,0.48,Online
Sports Direct,1185732,10/22/2021,Midwest,Nebraska,Omaha,Women's Athletic Footwear,34,7,238,126.14,0.53,Online
Sports Direct,1185732,10/22/2021,Midwest,Nebraska,Omaha,Men's Apparel,46,13,598,275.08,0.46,Online
Foot Locker,1185732,10/22/2021,Midwest,Nebraska,Omaha,Women's Street Footwear,28,138,3864,2125.2,0.55,Online
Foot Locker,1185732,10/22/2021,Midwest,Nebraska,Omaha,Women's Athletic Footwear,33,138,4554,2914.56,0.64,Online
Foot Locker,1185732,10/22/2021,Northeast,Maine,Portland,Women's Street Footwear,27,44,1188,641.52,0.54,Online
Foot Locker,1185732,11/21/2021,Northeast,Maine,Portland,Women's Athletic Footwear,33,21,693,277.2,0.4,Online
Foot Locker,1185732,11/21/2021,Northeast,Maine,Portland,Men's Apparel,47,20,940,357.2,0.38,Online
Foot Locker,1185732,11/21/2021,Northeast,Maine,Portland,Women's Apparel,39,63,2457,1253.07,0.51,Online
Foot Locker,1185732,11/21/2021,Northeast,Maine,Portland,Men's Street Footwear,52,144,7488,3369.6,0.45,Online
Foot Locker,1185732,11/21/2021,Northeast,Maine,Portland,Men's Street Footwear,53,122,6466,3103.68,0.48,Online
Foot Locker,1185732,11/21/2021,Northeast,Maine,Portland,Men's Athletic Footwear,46,70,3220,1513.4,0.47,Online
Foot Locker,1185732,12/20/2021,Northeast,Maine,Portland,Women's Street Footwear,41,38,1558,856.9,0.55,Online
Foot Locker,1185732,12/20/2021,Northeast,Maine,Portland,Women's Athletic Footwear,42,36,1512,680.4,0.45,Online
Foot Locker,1185732,12/20/2021,Northeast,Maine,Portland,Men's Apparel,52,36,1872,692.64,0.37,Online
Foot Locker,1185732,12/20/2021,Northeast,Maine,Portland,Women's Apparel,57,59,3363,1748.76,0.52,Online
Foot Locker,1185732,12/20/2021,Northeast,Maine,Portland,Men's Street Footwear,55,120,6600,3300,0.5,Online
Foot Locker,1185732,12/20/2021,Northeast,Maine,Portland,Men's Athletic Footwear,54,59,3186,1561.14,0.49,Online
Foot Locker,1185732,1/17/2021,Northeast,Maine,Portland,Women's Street Footwear,52,31,1612,886.6,0.55,Online
Foot Locker,1185732,1/17/2021,Northeast,Maine,Portland,Women's Athletic Footwear,50,26,1300,520,0.4,Online
Foot Locker,1185732,1/17/2021,Northeast,Maine,Portland,Men's Apparel,61,27,1647,625.86,0.38,Online
Foot Locker,1185732,1/17/2021,Northeast,Maine,Portland,Women's Apparel,68,56,3808,2018.24,0.53,Online
Foot Locker,1185732,1/17/2021,Northeast,Maine,Portland,Men's Street Footwear,62,98,6076,2977.24,0.49,Online
Foot Locker,1185732,1/17/2021,Northeast,Maine,Portland,Men's Athletic Footwear,52,52,2704,1352,0.5,Online
Foot Locker,1185732,2/15/2021,Northeast,Maine,Portland,Women's Street Footwear,52,55,2860,1487.2,0.52,Online
Foot Locker,1185732,2/15/2021,Northeast,Maine,Portland,Women's Athletic Footwear,54,46,2484,1068.12,0.43,Online
Foot Locker,1185732,2/15/2021,Northeast,Maine,Portland,Men's Apparel,60,41,2460,885.6,0.36,Online
Foot Locker,1185732,2/15/2021,Northeast,Maine,Portland,Women's Apparel,67,63,4221,2279.34,0.54,Online
Foot Locker,1185732,2/15/2021,West,Alaska,Anchorage,Women's Apparel,52,84,4368,1790.88,0.41,Online
Foot Locker,1185732,2/15/2021,West,Alaska,Anchorage,Men's Street Footwear,51,173,8823,4146.81,0.47,Online
Foot Locker,1185732,3/13/2021,West,Alaska,Anchorage,Men's Athletic Footwear,53,65,3445,1653.6,0.48,Online
Foot Locker,1185732,3/13/2021,West,Alaska,Anchorage,Women's Street Footwear,43,77,3311,1225.07,0.37,Online
Foot Locker,1185732,3/13/2021,West,Alaska,Anchorage,Women's Athletic Footwear,49,46,2254,879.06,0.39,Online
Foot Locker,1185732,3/13/2021,West,Alaska,Anchorage,Men's Apparel,60,75,4500,1710,0.38,Online
Foot Locker,1185732,3/13/2021,West,Alaska,Anchorage,Women's Apparel,52,102,5304,2333.76,0.44,Online
Foot Locker,1185732,3/13/2021,West,Alaska,Anchorage,Men's Athletic Footwear,55,112,6160,3080,0.5,Online
Foot Locker,1185732,4/14/2021,West,Alaska,Anchorage,Women's Street Footwear,53,81,4293,1545.48,0.36,Online
Foot Locker,1185732,4/14/2021,West,Alaska,Anchorage,Women's Athletic Footwear,53,90,4770,1717.2,0.36,Online
Foot Locker,1185732,4/14/2021,West,Alaska,Anchorage,Men's Street Footwear,33,109,3597,1366.86,0.38,Online
Foot Locker,1185732,4/14/2021,West,Alaska,Anchorage,Men's Athletic Footwear,43,109,4687,1546.71,0.33,Online
Kohl's,1185732,2/8/2021,West,Alaska,Anchorage,Women's Street Footwear,41,113,4633,1667.88,0.36,Online
Kohl's,1185732,2/8/2021,West,Alaska,Anchorage,Women's Athletic Footwear,43,56,2408,842.8,0.35,Online
Kohl's,1185732,2/8/2021,West,Alaska,Anchorage,Men's Apparel,46,46,2116,634.8,0.3,Online
Kohl's,1185732,6/8/2021,West,Alaska,Anchorage,Women's Apparel,42,123,5166,2789.64,0.54,Online
Kohl's,1185732,6/8/2021,West,Alaska,Anchorage,Men's Street Footwear,33,143,4719,1698.84,0.36,Online
Kohl's,1185732,6/8/2021,West,Alaska,Anchorage,Men's Athletic Footwear,42,98,4116,1317.12,0.32,Online
Kohl's,1185732,7/6/2021,West,Alaska,Anchorage,Women's Street Footwear,44,94,4136,1488.96,0.36,Online
Kohl's,1185732,7/6/2021,West,Hawaii,Honolulu,Women's Athletic Footwear,41,56,2296,895.44,0.39,Online
Kohl's,1185732,7/6/2021,West,Hawaii,Honolulu,Men's Apparel,47,38,1786,535.8,0.3,Online
Kohl's,1185732,7/6/2021,West,Hawaii,Honolulu,Women's Apparel,44,102,4488,2468.4,0.55,Online
Kohl's,1185732,7/6/2021,West,Hawaii,Honolulu,Men's Street Footwear,44,135,5940,2376,0.4,Online
Kohl's,1185732,7/6/2021,West,Hawaii,Honolulu,Men's Athletic Footwear,54,91,4914,1523.34,0.31,Online
Kohl's,1185732,8/7/2021,West,Hawaii,Honolulu,Women's Street Footwear,57,101,5757,2245.23,0.39,Online
Kohl's,1185732,8/7/2021,West,Hawaii,Honolulu,Women's Athletic Footwear,52,69,3588,1291.68,0.36,Online
Kohl's,1185732,8/7/2021,West,Hawaii,Honolulu,Men's Street Footwear,38,115,4370,1879.1,0.43,Online
Kohl's,1185732,8/7/2021,West,Hawaii,Honolulu,Men's Athletic Footwear,48,123,5904,2066.4,0.35,Online
Sports Direct,1185732,12/6/2021,West,Hawaii,Honolulu,Women's Street Footwear,45,123,5535,2269.35,0.41,Online
Sports Direct,1185732,12/6/2021,West,Hawaii,Honolulu,Women's Athletic Footwear,47,77,3619,1628.55,0.45,Online
Sports Direct,1185732,1/7/2021,West,Hawaii,Honolulu,Men's Apparel,54,68,3672,1101.6,0.3,Online
Sports Direct,1185732,1/7/2021,West,Hawaii,Honolulu,Women's Apparel,49,124,6076,3584.84,0.59,Online
Sports Direct,1185732,1/7/2021,West,Hawaii,Honolulu,Men's Street Footwear,36,137,4932,2071.44,0.42,Online
Sports Direct,1185732,1/7/2021,West,Hawaii,Honolulu,Men's Athletic Footwear,49,111,5439,1903.65,0.35,Online
Sports Direct,1185732,1/7/2021,West,Hawaii,Honolulu,Women's Street Footwear,49,111,5439,2175.6,0.4,Online
Sports Direct,1185732,1/7/2021,Southeast,Florida,Orlando,Men's Athletic Footwear,66,98,6468,2263.8,0.35,Online
Sports Direct,1185732,2/5/2021,Southeast,Florida,Orlando,Women's Street Footwear,66,120,7920,3247.2,0.41,Online
Sports Direct,1185732,2/5/2021,Southeast,Florida,Orlando,Women's Athletic Footwear,52,84,4368,1965.6,0.45,Online
Sports Direct,1185732,2/5/2021,Southeast,Florida,Orlando,Men's Apparel,59,58,3422,1197.7,0.35,Online
Sports Direct,1185732,2/5/2021,Southeast,Florida,Orlando,Men's Apparel,89,195,17355,5553.6,0.32,Online
Sports Direct,1185732,2/5/2021,Southeast,Florida,Orlando,Women's Apparel,101,163,16463,9383.91,0.57,Online
Sports Direct,1185732,2/5/2021,Southeast,Florida,Orlando,Men's Street Footwear,87,213,18531,7597.71,0.41,Online
Sports Direct,1185732,3/3/2021,Southeast,Florida,Orlando,Women's Apparel,44,176,7744,5033.6,0.65,Online
Sports Direct,1185732,3/3/2021,Southeast,Florida,Orlando,Men's Street Footwear,44,234,10296,5662.8,0.55,Online
Sports Direct,1185732,3/3/2021,Southeast,Florida,Orlando,Men's Athletic Footwear,42,138,5796,2840.04,0.49,Online
Sports Direct,1185732,3/3/2021,Southeast,Florida,Orlando,Women's Street Footwear,33,174,5742,2124.54,0.37,Online
Sports Direct,1185732,3/3/2021,Northeast,New York,Albany,Men's Street Footwear,42,248,10416,5832.96,0.56,Online
Sports Direct,1185732,3/3/2021,Northeast,New York,Albany,Men's Athletic Footwear,43,147,6321,2844.45,0.45,Online
Sports Direct,1185732,4/4/2021,Northeast,New York,Albany,Women's Street Footwear,34,152,5168,1860.48,0.36,Online
Sports Direct,1185732,4/4/2021,Northeast,New York,Albany,Women's Athletic Footwear,37,135,4995,2047.95,0.41,Online
Sports Direct,1185732,4/4/2021,Northeast,New York,Albany,Men's Apparel,50,124,6200,2914,0.47,Online
Sports Direct,1185732,4/4/2021,Northeast,New York,Albany,Women's Apparel,41,156,6396,4157.4,0.65,Online
Sports Direct,1185732,4/4/2021,Northeast,New York,Albany,Men's Street Footwear,50,261,13050,7830,0.6,Online
Sports Direct,1185732,4/4/2021,Northeast,New York,Albany,Men's Apparel,62,168,10416,4791.36,0.46,Online
Foot Locker,1185732,1/10/2021,West,Wyoming,Cheyenne,Women's Apparel,38,174,6612,2578.68,0.39,Online
Foot Locker,1185732,1/10/2021,West,Wyoming,Cheyenne,Men's Street Footwear,38,246,9348,5608.8,0.6,Online
Foot Locker,1185732,1/10/2021,West,Wyoming,Cheyenne,Men's Athletic Footwear,37,131,4847,2132.68,0.44,Online
Foot Locker,1185732,2/8/2021,West,Wyoming,Cheyenne,Women's Street Footwear,27,149,4023,1810.35,0.45,Online
Foot Locker,1185732,2/8/2021,West,Wyoming,Cheyenne,Women's Athletic Footwear,33,112,3696,1737.12,0.47,Online
Foot Locker,1185732,2/8/2021,West,Wyoming,Cheyenne,Men's Apparel,47,126,5922,2664.9,0.45,Online
Foot Locker,1185732,2/8/2021,West,Wyoming,Cheyenne,Women's Apparel,37,165,6105,2258.85,0.37,Online
Foot Locker,1185732,2/8/2021,West,Wyoming,Cheyenne,Men's Apparel,54,128,6912,3041.28,0.44,Online
Foot Locker,1185732,6/8/2021,West,Wyoming,Cheyenne,Women's Apparel,55,150,8250,3052.5,0.37,Online
Foot Locker,1185732,6/8/2021,West,Wyoming,Cheyenne,Men's Street Footwear,53,218,11554,7047.94,0.61,Online
Foot Locker,1185732,7/6/2021,West,Wyoming,Cheyenne,Men's Athletic Footwear,42,167,7014,3016.02,0.43,Online
Foot Locker,1185732,7/6/2021,West,Wyoming,Cheyenne,Women's Street Footwear,42,146,6132,3066,0.5,Online
Foot Locker,1185732,7/6/2021,West,Wyoming,Cheyenne,Women's Street Footwear,39,91,3549,1597.05,0.45,Online
Foot Locker,1185732,10/8/2021,West,Wyoming,Cheyenne,Women's Athletic Footwear,38,54,2052,964.44,0.47,Online
Foot Locker,1185732,10/8/2021,West,Wyoming,Cheyenne,Men's Apparel,42,45,1890,963.9,0.51,Online
Foot Locker,1185732,10/8/2021,West,Wyoming,Cheyenne,Women's Apparel,38,116,4408,1983.6,0.45,Online
Sports Direct,1185732,10/8/2021,West,Wyoming,Cheyenne,Men's Street Footwear,27,113,3051,1403.46,0.46,Online
Sports Direct,1185732,11/7/2021,West,Wyoming,Cheyenne,Men's Athletic Footwear,36,105,3780,1701,0.45,Online
Sports Direct,1185732,11/7/2021,West,Wyoming,Cheyenne,Women's Street Footwear,39,88,3432,1544.4,0.45,Online
Sports Direct,1185732,11/7/2021,Southeast,Virginia,Richmond,Women's Athletic Footwear,38,58,2204,1102,0.5,Online
Sports Direct,1185732,2/15/2021,Southeast,Virginia,Richmond,Men's Apparel,42,38,1596,877.8,0.55,Online
Sports Direct,1185732,2/15/2021,Southeast,Virginia,Richmond,Women's Apparel,38,81,3078,1323.54,0.43,Online
Sports Direct,1185732,2/15/2021,Southeast,Virginia,Richmond,Men's Street Footwear,38,143,5434,2553.98,0.47,Online
Sports Direct,1185732,2/15/2021,Southeast,Virginia,Richmond,Women's Street Footwear,57,85,4845,2374.05,0.49,Online
Sports Direct,1185732,2/15/2021,Southeast,Virginia,Richmond,Women's Athletic Footwear,42,56,2352,1105.44,0.47,Online
Sports Direct,1185732,2/15/2021,Southeast,Virginia,Richmond,Men's Apparel,49,35,1715,874.65,0.51,Online
Sports Direct,1185732,7/13/2021,Southeast,Virginia,Richmond,Women's Street Footwear,47,65,3055,1435.85,0.47,Online
Sports Direct,1185732,7/13/2021,Southeast,Virginia,Richmond,Women's Athletic Footwear,45,54,2430,1190.7,0.49,Online
Sports Direct,1185732,7/13/2021,Southeast,Virginia,Richmond,Men's Apparel,58,56,3248,1624,0.5,Online
Sports Direct,1185732,7/13/2021,Southeast,Virginia,Richmond,Women's Apparel,42,70,2940,1264.2,0.43,Online
Sports Direct,1185732,7/13/2021,Southeast,Virginia,Richmond,Men's Street Footwear,38,102,3876,1744.2,0.45,Online
Sports Direct,1185732,8/14/2021,Southeast,Virginia,Richmond,Men's Athletic Footwear,51,142,7242,3548.58,0.49,Online
Sports Direct,1185732,8/14/2021,Midwest,Michigan,Detroit,Women's Athletic Footwear,28,109,3052,1495.48,0.49,Online
Sports Direct,1185732,8/14/2021,Midwest,Michigan,Detroit,Men's Apparel,41,126,5166,2841.3,0.55,Online
Sports Direct,1185732,8/14/2021,Midwest,Michigan,Detroit,Women's Apparel,33,138,4554,3051.18,0.67,Online
Sports Direct,1185732,8/14/2021,Midwest,Michigan,Detroit,Men's Street Footwear,34,216,7344,4479.84,0.61,Online
Sports Direct,1185732,8/14/2021,Midwest,Michigan,Detroit,Men's Athletic Footwear,32,126,4032,2177.28,0.54,Online
Sports Direct,1185732,9/13/2021,Midwest,Michigan,Detroit,Women's Street Footwear,25,124,3100,1240,0.4,Online
Sports Direct,1185732,9/13/2021,Midwest,Michigan,Detroit,Women's Athletic Footwear,29,91,2639,1266.72,0.48,Online
Sports Direct,1185732,9/13/2021,Midwest,Michigan,Detroit,Men's Apparel,43,94,4042,2101.84,0.52,Online
Sports Direct,1185732,9/13/2021,Midwest,Michigan,Detroit,Women's Street Footwear,46,173,7958,3581.1,0.45,Online
Sports Direct,1185732,9/13/2021,Midwest,Michigan,Detroit,Men's Street Footwear,29,182,5278,2797.34,0.53,Online
Sports Direct,1185732,9/13/2021,Midwest,Michigan,Detroit,Men's Athletic Footwear,28,94,2632,1289.68,0.49,Online
Sports Direct,1185732,10/15/2021,Midwest,Michigan,Detroit,Women's Street Footwear,19,113,2147,966.15,0.45,Online
Sports Direct,1185732,10/15/2021,Midwest,Missouri,St. Louis,Men's Street Footwear,39,180,7020,3580.2,0.51,Online
Sports Direct,1185732,10/15/2021,Midwest,Missouri,St. Louis,Men's Athletic Footwear,34,88,2992,1406.24,0.47,Online
Sports Direct,1185732,10/15/2021,Midwest,Missouri,St. Louis,Women's Street Footwear,29,87,2523,1160.58,0.46,Online
Sports Direct,1185732,10/15/2021,Midwest,Missouri,St. Louis,Women's Athletic Footwear,29,65,1885,1036.75,0.55,Online
Amazon,1185732,10/15/2021,Midwest,Missouri,St. Louis,Men's Apparel,44,70,3080,1478.4,0.48,Online
Amazon,1185732,11/14/2021,Midwest,Missouri,St. Louis,Women's Apparel,45,105,4725,2835,0.6,Online
Amazon,1185732,11/14/2021,Midwest,Missouri,St. Louis,Men's Street Footwear,32,168,5376,2903.04,0.54,Online
Amazon,1185732,11/14/2021,Midwest,Missouri,St. Louis,Men's Athletic Footwear,27,91,2457,1130.22,0.46,Online
Amazon,1185732,11/14/2021,Midwest,Missouri,St. Louis,Women's Street Footwear,23,113,2599,1273.51,0.49,Online
Amazon,1185732,11/14/2021,Midwest,Missouri,St. Louis,Women's Athletic Footwear,23,91,2093,1046.5,0.5,Online
Amazon,1185732,11/14/2021,Midwest,Missouri,St. Louis,Men's Apparel,38,102,3876,1744.2,0.45,Online
Amazon,1185732,12/13/2021,Midwest,Missouri,St. Louis,Men's Apparel,33,98,3234,1519.98,0.47,Online
Amazon,1185732,12/13/2021,Midwest,Missouri,St. Louis,Women's Apparel,24,138,3312,2119.68,0.64,Online
Amazon,1185732,12/13/2021,Midwest,Missouri,St. Louis,Men's Street Footwear,25,218,5450,2888.5,0.53,Online
Amazon,1185732,2/12/2021,Midwest,Missouri,St. Louis,Men's Athletic Footwear,24,101,2424,1139.28,0.47,Online
Amazon,1185732,8/11/2021,Midwest,Missouri,St. Louis,Women's Street Footwear,14,115,1610,724.5,0.45,Online
Amazon,1185732,9/10/2021,West,Utah,Salt Lake City,Women's Apparel,24,131,3144,1949.28,0.62,Online
Amazon,1185732,9/10/2021,West,Utah,Salt Lake City,Men's Street Footwear,29,168,4872,2533.44,0.52,Online
Amazon,1185732,9/10/2021,West,Utah,Salt Lake City,Men's Athletic Footwear,28,102,2856,1428,0.5,Online
Amazon,1185732,9/10/2021,West,Utah,Salt Lake City,Women's Street Footwear,18,112,2016,1008,0.5,Online
Amazon,1185732,9/10/2021,West,Utah,Salt Lake City,Women's Athletic Footwear,23,73,1679,889.87,0.53,Online
Amazon,1185732,9/10/2021,West,Utah,Salt Lake City,Men's Apparel,38,75,2850,1425,0.5,Online
Amazon,1185732,10/12/2021,West,Utah,Salt Lake City,Women's Apparel,29,100,2900,1856,0.64,Online
Amazon,1185732,10/12/2021,West,Utah,Salt Lake City,Men's Street Footwear,27,181,4887,2443.5,0.5,Online
Amazon,1185732,10/12/2021,West,Utah,Salt Lake City,Men's Athletic Footwear,25,94,2350,1057.5,0.45,Online
Amazon,1185732,10/12/2021,West,Utah,Salt Lake City,Women's Street Footwear,14,98,1372,631.12,0.46,Online
Amazon,1185732,10/12/2021,West,Utah,Salt Lake City,Women's Athletic Footwear,18,70,1260,667.8,0.53,Online
West Gear,1185732,10/12/2021,West,Utah,Salt Lake City,Men's Apparel,33,74,2442,1123.32,0.46,Online
West Gear,1185732,11/11/2021,West,Utah,Salt Lake City,Women's Apparel,24,112,2688,1612.8,0.6,Online
West Gear,1185732,11/11/2021,West,Utah,Salt Lake City,Men's Street Footwear,32,174,5568,2839.68,0.51,Online
West Gear,1185732,11/11/2021,West,Utah,Salt Lake City,Women's Street Footwear,36,88,3168,1425.6,0.45,Online
Amazon,1185732,11/11/2021,West,Oregon,Portland,Women's Athletic Footwear,39,58,2262,1085.76,0.48,Online
Amazon,1185732,11/11/2021,West,Oregon,Portland,Men's Apparel,42,38,1596,829.92,0.52,Online
Amazon,1185732,11/11/2021,West,Oregon,Portland,Women's Apparel,37,85,3145,1258,0.4,Online
Amazon,1185732,1/21/2021,West,Oregon,Portland,Men's Street Footwear,38,128,4864,2383.36,0.49,Online
Amazon,1185732,2/19/2021,West,Oregon,Portland,Men's Athletic Footwear,45,85,3825,1836,0.48,Online
Amazon,1185732,2/19/2021,West,Oregon,Portland,Women's Street Footwear,54,88,4752,2138.4,0.45,Online
Amazon,1185732,2/19/2021,West,Oregon,Portland,Women's Athletic Footwear,49,65,3185,1528.8,0.48,Online
Amazon,1185732,2/19/2021,West,Oregon,Portland,Men's Apparel,54,26,1404,744.12,0.53,Online
Amazon,1185732,2/19/2021,West,Oregon,Portland,Women's Athletic Footwear,44,81,3564,1710.72,0.48,Online
Amazon,1185732,3/17/2021,West,Oregon,Portland,Men's Street Footwear,33,140,4620,2448.6,0.53,Online
Amazon,1185732,8/18/2021,West,Oregon,Portland,Men's Athletic Footwear,41,116,4756,2425.56,0.51,Online
Amazon,1185732,8/18/2021,West,Oregon,Portland,Women's Street Footwear,41,120,4920,2558.4,0.52,Online
Foot Locker,1185732,1/24/2021,South,Louisiana,New Orleans,Women's Athletic Footwear,44,73,3212,1766.6,0.55,Online
Foot Locker,1185732,1/24/2021,South,Louisiana,New Orleans,Men's Apparel,48,51,2448,1468.8,0.6,Online
Foot Locker,1185732,1/24/2021,South,Louisiana,New Orleans,Women's Apparel,44,105,4620,2217.6,0.48,Online
Foot Locker,1185732,1/24/2021,South,Louisiana,New Orleans,Men's Street Footwear,44,147,6468,3298.68,0.51,Online
Foot Locker,1185732,2/22/2021,South,Louisiana,New Orleans,Men's Athletic Footwear,51,101,5151,2833.05,0.55,Online
Foot Locker,1185732,2/22/2021,South,Louisiana,New Orleans,Women's Street Footwear,56,116,6496,3572.8,0.55,Online
Foot Locker,1185732,2/22/2021,South,Louisiana,New Orleans,Women's Athletic Footwear,50,84,4200,2310,0.55,Online
Foot Locker,1185732,2/5/2020,South,Louisiana,New Orleans,Men's Apparel,56,39,2184,1310.4,0.6,Online
Foot Locker,1185732,2/6/2020,South,Louisiana,New Orleans,Women's Apparel,41,95,3895,1752.75,0.45,Online
Foot Locker,1185732,2/7/2020,South,Louisiana,New Orleans,Men's Street Footwear,48,142,6816,3544.32,0.52,Online
Foot Locker,1185732,2/8/2020,South,Louisiana,New Orleans,Men's Athletic Footwear,52,88,4576,2288,0.5,Online
Foot Locker,1185732,2/9/2020,South,Louisiana,New Orleans,Women's Street Footwear,52,105,5460,2784.6,0.51,Online
Walmart,1185732,4/22/2020,South,Louisiana,New Orleans,Women's Athletic Footwear,39,74,2886,1529.58,0.53,Online
Walmart,1185732,4/23/2020,South,Louisiana,New Orleans,Men's Apparel,43,53,2279,1299.03,0.57,Online
Walmart,1185732,4/24/2020,South,Louisiana,New Orleans,Men's Street Footwear,86,255,21930,11184.3,0.51,Online
Walmart,1185732,4/25/2020,South,Louisiana,New Orleans,Women's Street Footwear,28,119,3332,1332.8,0.4,Online
Walmart,1185732,4/26/2020,South,Louisiana,New Orleans,Women's Athletic Footwear,33,133,4389,2326.17,0.53,Online
Walmart,1185732,4/27/2020,South,Louisiana,New Orleans,Men's Apparel,36,85,3060,1132.2,0.37,Online
Walmart,1185732,4/28/2020,South,Louisiana,New Orleans,Women's Apparel,34,143,4862,2917.2,0.6,Online
Walmart,1185732,4/29/2020,South,Louisiana,New Orleans,Men's Street Footwear,23,163,3749,1499.6,0.4,Online
Walmart,1185732,4/30/2020,South,Louisiana,New Orleans,Men's Athletic Footwear,32,174,5568,2338.56,0.42,Online
Walmart,1185732,5/1/2020,South,Louisiana,New Orleans,Women's Street Footwear,34,128,4352,1784.32,0.41,Online
Sports Direct,1197831,7/23/2020,West,Idaho,Boise,Men's Street Footwear,18,203,3654,1827,0.5,Online
Sports Direct,1197831,7/24/2020,West,Idaho,Boise,Men's Apparel,53,131,6943,3332.64,0.48,Online
Sports Direct,1197831,7/25/2020,West,Idaho,Boise,Women's Apparel,64,208,13312,9185.28,0.69,Online
Sports Direct,1197831,7/26/2020,West,Idaho,Boise,Men's Street Footwear,46,210,9660,5313,0.55,Online
Sports Direct,1197831,7/27/2020,West,Idaho,Boise,Men's Athletic Footwear,53,195,10335,5477.55,0.53,Online
Sports Direct,1197831,7/28/2020,West,Idaho,Boise,Women's Street Footwear,46,250,11500,6095,0.53,Online
Sports Direct,1197831,7/29/2020,West,Idaho,Boise,Women's Athletic Footwear,59,142,8378,5445.7,0.65,Online
Sports Direct,1197831,7/30/2020,West,Idaho,Boise,Men's Apparel,50,133,6650,3258.5,0.49,Online
Sports Direct,1197831,7/31/2020,West,Idaho,Boise,Women's Apparel,60,196,11760,8114.4,0.69,Online
Sports Direct,1197831,8/1/2020,West,Idaho,Boise,Men's Street Footwear,29,119,3451,1656.48,0.48,Online
Sports Direct,1197831,8/2/2020,West,Idaho,Boise,Men's Athletic Footwear,37,106,3922,2000.22,0.51,Online
Sports Direct,1197831,8/3/2020,West,Idaho,Boise,Women's Street Footwear,37,106,3922,1921.78,0.49,Online
Sports Direct,1197831,8/4/2020,West,Idaho,Boise,Women's Athletic Footwear,38,77,2926,1345.96,0.46,Online
Walmart,1197831,9/4/2020,West,Idaho,Boise,Men's Apparel,42,63,2646,1190.7,0.45,Online
Walmart,1197831,9/5/2020,West,Idaho,Boise,Women's Apparel,36,111,3996,1398.6,0.35,Online
Walmart,1197831,9/6/2020,West,Idaho,Boise,Men's Street Footwear,29,143,4147,2073.5,0.5,Online
Walmart,1197831,9/7/2020,West,Idaho,Boise,Men's Athletic Footwear,38,113,4294,2318.76,0.54,Online
Walmart,1197831,9/8/2020,West,Idaho,Boise,Women's Street Footwear,38,105,3990,1875.3,0.47,Online
Walmart,1197831,9/9/2020,West,New Mexico,Albuquerque,Men's Apparel,56,58,3248,1331.68,0.41,Online
Walmart,1197831,9/10/2020,West,New Mexico,Albuquerque,Women's Apparel,69,101,6969,2648.22,0.38,Online
Walmart,1197831,9/11/2020,West,New Mexico,Albuquerque,Men's Street Footwear,51,150,7650,3442.5,0.45,Online
Walmart,1197831,9/12/2020,West,New Mexico,Albuquerque,Men's Athletic Footwear,58,111,6438,3283.38,0.51,Online
Walmart,1197831,9/13/2020,West,New Mexico,Albuquerque,Women's Street Footwear,56,126,7056,3316.32,0.47,Online
Walmart,1197831,9/14/2020,West,New Mexico,Albuquerque,Women's Athletic Footwear,51,91,4641,2134.86,0.46,Online
Walmart,1197831,9/15/2020,West,New Mexico,Albuquerque,Men's Apparel,56,65,3640,1528.8,0.42,Online
Walmart,1197831,9/16/2020,West,New Mexico,Albuquerque,Women's Apparel,69,115,7935,3094.65,0.39,Online
Walmart,1197831,10/20/2020,West,New Mexico,Albuquerque,Men's Street Footwear,52,203,10556,5066.88,0.48,Online
Walmart,1197831,10/21/2020,West,New Mexico,Albuquerque,Women's Athletic Footwear,55,115,6325,2972.75,0.47,Online
Walmart,1197831,10/22/2020,West,New Mexico,Albuquerque,Women's Athletic Footwear,39,75,2925,1462.5,0.5,Online
Walmart,1197831,10/23/2020,West,New Mexico,Albuquerque,Men's Apparel,41,63,2583,1162.35,0.45,Online
Walmart,1197831,10/24/2020,West,New Mexico,Albuquerque,Women's Apparel,36,117,4212,1642.68,0.39,Online
Walmart,1197831,10/25/2020,West,New Mexico,Albuquerque,Men's Street Footwear,29,145,4205,2228.65,0.53,Online
Walmart,1197831,10/26/2020,West,New Mexico,Albuquerque,Men's Athletic Footwear,37,112,4144,2279.2,0.55,Online
Walmart,1197831,10/27/2020,West,New Mexico,Albuquerque,Women's Street Footwear,37,104,3848,1924,0.5,Online
Walmart,1197831,10/28/2020,Southeast,Georgia,Atlanta,Men's Apparel,50,56,2800,1344,0.48,Online
Walmart,1197831,10/29/2020,Southeast,Georgia,Atlanta,Women's Apparel,64,120,7680,3072,0.4,Online
Walmart,1197831,10/30/2020,Southeast,Georgia,Atlanta,Men's Street Footwear,46,176,8096,4290.88,0.53,Online
Walmart,1197831,10/31/2020,Southeast,Georgia,Atlanta,Men's Athletic Footwear,54,147,7938,4048.38,0.51,Online
West Gear,1128299,11/5/2020,Southeast,Georgia,Atlanta,Women's Street Footwear,52,142,7384,3544.32,0.48,Online
West Gear,1128299,11/6/2020,Southeast,Georgia,Atlanta,Women's Athletic Footwear,49,120,5880,2998.8,0.51,Online
Kohl's,1189833,4/6/2021,Southeast,Georgia,Atlanta,Men's Apparel,51,72,3672,1762.56,0.48,Online
Kohl's,1189833,4/7/2021,Southeast,Georgia,Atlanta,Women's Apparel,67,150,10050,3517.5,0.35,Online
Kohl's,1189833,4/8/2021,Southeast,Georgia,Atlanta,Men's Street Footwear,47,196,9212,4606,0.5,Online
Kohl's,1189833,4/21/2021,Southeast,Georgia,Atlanta,Men's Athletic Footwear,51,173,8823,4499.73,0.51,Online
Kohl's,1189833,4/22/2021,Southeast,Georgia,Atlanta,Women's Street Footwear,50,137,6850,3425,0.5,Online
Kohl's,1189833,4/23/2021,Southeast,Georgia,Atlanta,Women's Athletic Footwear,46,128,5888,3002.88,0.51,Online
Kohl's,1189833,4/24/2021,Southeast,Georgia,Atlanta,Men's Apparel,54,138,7452,3576.96,0.48,Online
Kohl's,1189833,4/25/2021,Southeast,Georgia,Atlanta,Women's Apparel,67,143,9581,3640.78,0.38,Online
Kohl's,1189833,4/26/2021,Southeast,Georgia,Atlanta,Men's Street Footwear,53,182,9646,4919.46,0.51,Online
Kohl's,1189833,4/27/2021,Southeast,Georgia,Atlanta,Men's Athletic Footwear,58,175,10150,5278,0.52,Online
Kohl's,1189833,4/28/2021,Southeast,Georgia,Atlanta,Women's Street Footwear,54,150,8100,3726,0.46,Online
Kohl's,1189833,4/29/2021,Southeast,Georgia,Atlanta,Women's Apparel,37,239,8843,5305.8,0.6,Online
Kohl's,1189833,4/30/2021,Southeast,Georgia,Atlanta,Men's Street Footwear,38,312,11856,6995.04,0.59,Online
Kohl's,1189833,5/1/2021,Southeast,Georgia,Atlanta,Men's Athletic Footwear,39,218,8502,3910.92,0.46,Online
Kohl's,1189833,5/2/2021,Southeast,Georgia,Atlanta,Women's Street Footwear,29,217,6293,2328.41,0.37,Online
Kohl's,1189833,5/3/2021,Southeast,South Carolina,Charleston,Men's Athletic Footwear,45,188,8460,3807,0.45,Online
Kohl's,1189833,5/4/2021,Southeast,South Carolina,Charleston,Women's Street Footwear,41,210,8610,3185.7,0.37,Online
Kohl's,1189833,5/5/2021,Southeast,South Carolina,Charleston,Women's Athletic Footwear,43,182,7826,3286.92,0.42,Online
Kohl's,1189833,5/6/2021,Southeast,South Carolina,Charleston,Men's Apparel,53,196,10388,5194,0.5,Online
Kohl's,1189833,5/7/2021,Southeast,South Carolina,Charleston,Women's Apparel,59,200,11800,7080,0.6,Online
Kohl's,1189833,5/8/2021,Southeast,South Carolina,Charleston,Men's Street Footwear,51,273,13923,7796.88,0.56,Online
Kohl's,1189833,5/9/2021,Southeast,South Carolina,Charleston,Men's Athletic Footwear,49,200,9800,4410,0.45,Online
Kohl's,1189833,5/10/2021,Southeast,South Carolina,Charleston,Women's Street Footwear,47,209,9823,3536.28,0.36,Online
Kohl's,1189833,5/11/2021,Southeast,South Carolina,Charleston,Women's Athletic Footwear,47,218,10246,4610.7,0.45,Online
Kohl's,1189833,5/12/2021,Southeast,South Carolina,Charleston,Men's Apparel,62,195,12090,5440.5,0.45,Online
Kohl's,1189833,5/13/2021,Southeast,South Carolina,Charleston,Women's Apparel,65,250,16250,10400,0.64,Online
Kohl's,1189833,5/14/2021,Southeast,South Carolina,Charleston,Women's Athletic Footwear,29,173,5017,2759.35,0.55,Online
Kohl's,1189833,5/15/2021,Southeast,South Carolina,Charleston,Men's Apparel,42,156,6552,3013.92,0.46,Online
Kohl's,1189833,5/16/2021,Southeast,South Carolina,Charleston,Women's Apparel,34,196,6664,4264.96,0.64,Online
Kohl's,1189833,5/17/2021,Southeast,South Carolina,Charleston,Men's Street Footwear,34,263,8942,4471,0.5,Online
Kohl's,1189833,5/18/2021,Southeast,South Carolina,Charleston,Men's Athletic Footwear,34,188,6392,3068.16,0.48,Online
Kohl's,1189833,5/19/2021,Southeast,South Carolina,Charleston,Women's Street Footwear,23,169,3887,2137.85,0.55,Online
Kohl's,1189833,5/20/2021,Southeast,North Carolina,Charlotte,Women's Athletic Footwear,29,142,4118,2059,0.5,Online
Kohl's,1189833,5/21/2021,Southeast,North Carolina,Charlotte,Men's Apparel,44,180,7920,3960,0.5,Online
Kohl's,1189833,5/22/2021,Southeast,North Carolina,Charlotte,Women's Apparel,29,203,5887,3532.2,0.6,Online
Kohl's,1189833,5/23/2021,Southeast,North Carolina,Charlotte,Men's Street Footwear,28,276,7728,4173.12,0.54,Online
Kohl's,1189833,5/24/2021,Southeast,North Carolina,Charlotte,Men's Athletic Footwear,29,150,4350,1957.5,0.45,Online
Kohl's,1189833,5/25/2021,Southeast,North Carolina,Charlotte,Men's Apparel,38,156,5928,2726.88,0.46,Online
Kohl's,1189833,5/26/2021,Southeast,North Carolina,Charlotte,Women's Apparel,41,203,8323,5077.03,0.61,Online
Kohl's,1189833,5/27/2021,Southeast,North Carolina,Charlotte,Men's Apparel,65,169,10985,5382.65,0.49,Online
Kohl's,1189833,5/28/2021,Southeast,North Carolina,Charlotte,Women's Apparel,69,225,15525,10091.25,0.65,Online
Kohl's,1189833,5/29/2021,Southeast,North Carolina,Charlotte,Men's Street Footwear,32,194,6208,3228.16,0.52,Online
Kohl's,1189833,5/30/2021,Southeast,North Carolina,Charlotte,Men's Athletic Footwear,33,150,4950,2475,0.5,Online
Foot Locker,1185732,5/31/2021,Southeast,North Carolina,Charlotte,Women's Street Footwear,24,167,4008,2164.32,0.54,Online
Foot Locker,1185732,6/1/2021,Southeast,North Carolina,Charlotte,Women's Athletic Footwear,29,123,3567,1854.84,0.52,Online
Foot Locker,1185732,6/2/2021,Southeast,North Carolina,Charlotte,Men's Apparel,44,128,5632,2816,0.5,Online
Foot Locker,1185732,6/3/2021,Southeast,North Carolina,Charlotte,Women's Apparel,32,173,5536,3598.4,0.65,Online
Foot Locker,1185732,6/30/2021,Southeast,North Carolina,Charlotte,Men's Street Footwear,32,231,7392,3696,0.5,Online
Foot Locker,1185732,7/1/2021,Southeast,North Carolina,Charlotte,Men's Athletic Footwear,33,143,4719,2359.5,0.5,Online
Foot Locker,1185732,7/2/2021,Southeast,North Carolina,Charlotte,Women's Street Footwear,23,158,3634,1817,0.5,Online
Foot Locker,1185732,7/3/2021,Midwest,Ohio,Columbus,Men's Apparel,50,135,6750,3307.5,0.49,Online
Foot Locker,1185732,7/4/2021,Midwest,Ohio,Columbus,Men's Athletic Footwear,38,78,2964,1393.08,0.47,Online
Foot Locker,1185732,7/5/2021,Midwest,Ohio,Columbus,Women's Street Footwear,28,75,2100,1092,0.52,Online
Foot Locker,1185732,7/6/2021,Midwest,Ohio,Columbus,Women's Athletic Footwear,34,42,1428,714,0.5,Online
Foot Locker,1185732,7/7/2021,Midwest,Ohio,Columbus,Men's Apparel,46,52,2392,1124.24,0.47,Online
Foot Locker,1185732,7/8/2021,Midwest,Ohio,Columbus,Women's Apparel,37,81,2997,1618.38,0.54,Online
Foot Locker,1185732,7/9/2021,Midwest,Ohio,Columbus,Men's Street Footwear,38,138,5244,2779.32,0.53,Online
Foot Locker,1185732,7/10/2021,Midwest,Ohio,Columbus,Men's Athletic Footwear,38,58,2204,1013.84,0.46,Online
Foot Locker,1185732,7/11/2021,Midwest,Ohio,Columbus,Women's Street Footwear,29,63,1827,968.31,0.53,Online
Foot Locker,1185732,7/12/2021,Southeast,Kentucky,Louisville,Women's Athletic Footwear,34,34,1156,624.24,0.54,Online
Foot Locker,1185732,7/13/2021,Southeast,Kentucky,Louisville,Men's Apparel,48,54,2592,1218.24,0.47,Online
Foot Locker,1185732,7/14/2021,Southeast,Kentucky,Louisville,Women's Apparel,39,78,3042,1551.42,0.51,Online
Foot Locker,1185732,7/15/2021,Southeast,Kentucky,Louisville,Men's Street Footwear,41,156,6396,3261.96,0.51,Online
Foot Locker,1185732,7/16/2021,Southeast,Kentucky,Louisville,Men's Athletic Footwear,41,59,2419,1185.31,0.49,Online
Foot Locker,1185732,7/17/2021,Southeast,Kentucky,Louisville,Women's Street Footwear,34,73,2482,1241,0.5,Online
Foot Locker,1185732,7/18/2021,Southeast,Kentucky,Louisville,Women's Athletic Footwear,36,27,972,505.44,0.52,Online
Foot Locker,1185732,7/19/2021,Southeast,Kentucky,Louisville,Men's Apparel,52,44,2288,1052.48,0.46,Online
Foot Locker,1185732,7/20/2021,Southeast,Kentucky,Louisville,Women's Apparel,42,65,2730,1392.3,0.51,Online
Foot Locker,1185732,7/21/2021,Southeast,Kentucky,Louisville,Men's Street Footwear,41,119,4879,2683.45,0.55,Online
Foot Locker,1185732,7/22/2021,Southeast,Kentucky,Louisville,Men's Athletic Footwear,41,49,2009,964.32,0.48,Online
Foot Locker,1185732,7/23/2021,Southeast,Kentucky,Louisville,Women's Street Footwear,38,49,1862,1024.1,0.55,Online
Sports Direct,1197831,8/29/2021,Southeast,Kentucky,Louisville,Women's Athletic Footwear,42,29,1218,609,0.5,Online
Sports Direct,1197831,8/30/2021,Southeast,Kentucky,Louisville,Women's Athletic Footwear,37,63,2331,1258.74,0.54,Online
Sports Direct,1197831,8/31/2021,Southeast,Kentucky,Louisville,Men's Apparel,46,75,3450,1587,0.46,Online
Sports Direct,1197831,9/1/2021,Southeast,Kentucky,Louisville,Women's Apparel,50,115,5750,3105,0.54,Online
Sports Direct,1197831,9/2/2021,Southeast,Kentucky,Louisville,Men's Street Footwear,46,167,7682,4148.28,0.54,Online
Sports Direct,1197831,9/3/2021,Southeast,Kentucky,Louisville,Men's Athletic Footwear,41,91,3731,1753.57,0.47,Online
Sports Direct,1197831,9/4/2021,Southeast,Kentucky,Louisville,Women's Street Footwear,33,65,2145,1136.85,0.53,Online
Sports Direct,1197831,9/5/2021,Southeast,Kentucky,Louisville,Women's Athletic Footwear,32,54,1728,881.28,0.51,Online
Sports Direct,1197831,9/6/2021,Southeast,Kentucky,Louisville,Men's Apparel,43,58,2494,1172.18,0.47,Online
Sports Direct,1197831,9/7/2021,Southeast,Kentucky,Louisville,Women's Athletic Footwear,23,101,2323,1231.19,0.53,Online
Sports Direct,1197831,9/8/2021,Southeast,Kentucky,Louisville,Men's Apparel,38,115,4370,2097.6,0.48,Online
Sports Direct,1197831,9/9/2021,Southeast,Kentucky,Louisville,Women's Apparel,29,158,4582,2840.84,0.62,Online
Sports Direct,1197831,9/10/2021,Southeast,Kentucky,Louisville,Men's Street Footwear,28,225,6300,3276,0.52,Online
Sports Direct,1197831,9/11/2021,Southeast,Kentucky,Louisville,Men's Athletic Footwear,27,106,2862,1373.76,0.48,Online
Sports Direct,1197831,9/12/2021,Southeast,Kentucky,Louisville,Women's Street Footwear,18,124,2232,1227.6,0.55,Online
Sports Direct,1197831,10/2/2021,South,Mississippi,Jackson,Women's Street Footwear,33,119,3927,2120.58,0.54,Online
Sports Direct,1197831,10/3/2021,South,Mississippi,Jackson,Men's Athletic Footwear,37,125,4625,2173.75,0.47,Online
Sports Direct,1197831,10/4/2021,South,Mississippi,Jackson,Women's Street Footwear,41,143,5863,3224.65,0.55,Online
Sports Direct,1197831,10/5/2021,South,Mississippi,Jackson,Women's Athletic Footwear,43,117,5031,2515.5,0.5,Online
Sports Direct,1197831,10/6/2021,South,Mississippi,Jackson,Men's Apparel,57,135,7695,3462.75,0.45,Online
Sports Direct,1197831,10/7/2021,South,Mississippi,Jackson,Women's Apparel,60,188,11280,7106.4,0.63,Online
Sports Direct,1197831,10/8/2021,South,Mississippi,Jackson,Men's Street Footwear,32,176,5632,3041.28,0.54,Online
Sports Direct,1197831,10/9/2021,South,Mississippi,Jackson,Men's Athletic Footwear,25,145,3625,1631.25,0.45,Online
Sports Direct,1197831,10/10/2021,South,Mississippi,Jackson,Women's Street Footwear,24,98,2352,1270.08,0.54,Online
Sports Direct,1197831,10/11/2021,South,Mississippi,Jackson,Women's Athletic Footwear,23,105,2415,1207.5,0.5,Online
Sports Direct,1197831,10/12/2021,South,Mississippi,Jackson,Men's Apparel,32,98,3136,1568,0.5,Online
Sports Direct,1197831,10/13/2021,South,Mississippi,Jackson,Women's Apparel,33,124,4092,2618.88,0.64,Online
Sports Direct,1197831,10/14/2021,South,Mississippi,Jackson,Men's Street Footwear,28,163,4564,2464.56,0.54,Online
Foot Locker,1185732,12/25/2021,South,Mississippi,Jackson,Men's Athletic Footwear,18,117,2106,947.7,0.45,Online
Foot Locker,1185732,12/26/2021,South,Mississippi,Jackson,Women's Street Footwear,28,111,3108,1678.32,0.54,Online
Foot Locker,1185732,12/27/2021,South,Arkansas,Little Rock,Women's Athletic Footwear,18,70,1260,630,0.5,Online
Foot Locker,1185732,12/28/2021,South,Arkansas,Little Rock,Men's Apparel,34,98,3332,1499.4,0.45,Online
Foot Locker,1185732,12/29/2021,South,Arkansas,Little Rock,Women's Apparel,19,115,2185,1179.9,0.54,Online
Foot Locker,1185732,12/30/2021,South,Arkansas,Little Rock,Men's Street Footwear,18,181,3258,1726.74,0.53,Online
Foot Locker,1185732,12/31/2021,South,Arkansas,Little Rock,Men's Athletic Footwear,20,98,1960,882,0.45,Online
Foot Locker,1185732,1/1/2020,South,Arkansas,Little Rock,Women's Street Footwear,10,88,880,475.2,0.54,Online
West Gear,1128299,1/2/2020,South,Arkansas,Little Rock,Women's Athletic Footwear,19,60,1140,592.8,0.52,Online
West Gear,1128299,1/3/2020,South,Arkansas,Little Rock,Men's Apparel,32,65,2080,956.8,0.46,Online
West Gear,1128299,1/4/2020,South,Arkansas,Little Rock,Women's Apparel,24,102,2448,1248.48,0.51,Online
West Gear,1128299,1/5/2020,South,Arkansas,Little Rock,Men's Street Footwear,23,174,4002,2161.08,0.54,Online
West Gear,1128299,2/6/2020,South,Arkansas,Little Rock,Men's Apparel,55,119,6545,3207.05,0.49,Online
West Gear,1128299,2/7/2020,South,Arkansas,Little Rock,Women's Apparel,63,150,9450,5103,0.54,Online
West Gear,1128299,2/8/2020,South,Arkansas,Little Rock,Men's Street Footwear,55,210,11550,6237,0.54,Online
West Gear,1128299,2/9/2020,South,Arkansas,Little Rock,Men's Athletic Footwear,50,152,7600,3648,0.48,Online
West Gear,1128299,2/10/2020,South,Arkansas,Little Rock,Women's Street Footwear,47,126,5922,3079.44,0.52,Online
West Gear,1128299,2/11/2020,South,Arkansas,Little Rock,Women's Athletic Footwear,39,104,4056,2028,0.5,Online
West Gear,1128299,2/12/2020,South,Arkansas,Little Rock,Men's Apparel,48,113,5424,2657.76,0.49,Online
West Gear,1128299,2/13/2020,South,Arkansas,Little Rock,Women's Apparel,50,143,7150,3718,0.52,Online
West Gear,1128299,2/14/2020,South,Arkansas,Little Rock,Men's Street Footwear,48,182,8736,4542.72,0.52,Online
West Gear,1128299,2/15/2020,South,Arkansas,Little Rock,Men's Athletic Footwear,39,126,4914,2358.72,0.48,Online
West Gear,1128299,2/16/2020,South,Arkansas,Little Rock,Women's Street Footwear,14,88,1232,640.64,0.52,Online
West Gear,1128299,2/17/2020,South,Arkansas,Little Rock,Women's Athletic Footwear,14,88,1232,640.64,0.52,Online
West Gear,1128299,2/18/2020,South,Arkansas,Little Rock,Men's Apparel,23,94,2162,1081,0.5,Online
West Gear,1128299,2/19/2020,South,Arkansas,Little Rock,Women's Apparel,29,119,3451,1863.54,0.54,Online
West Gear,1128299,2/20/2020,South,Arkansas,Little Rock,Men's Street Footwear,27,150,4050,2025,0.5,Online
West Gear,1128299,2/21/2020,South,Arkansas,Little Rock,Men's Athletic Footwear,19,106,2014,906.3,0.45,Online
West Gear,1128299,2/22/2020,South,Arkansas,Little Rock,Women's Street Footwear,19,78,1482,741,0.5,Online
West Gear,1128299,2/23/2020,South,Arkansas,Little Rock,Women's Athletic Footwear,19,72,1368,725.04,0.53,Online
West Gear,1128299,2/24/2020,South,Oklahoma,Oklahoma City,Women's Athletic Footwear,19,49,931,474.81,0.51,Online
West Gear,1128299,2/25/2020,South,Oklahoma,Oklahoma City,Men's Apparel,34,75,2550,1198.5,0.47,Online
West Gear,1128299,2/26/2020,South,Oklahoma,Oklahoma City,Women's Apparel,18,98,1764,899.64,0.51,Online
West Gear,1128299,2/27/2020,South,Oklahoma,Oklahoma City,Men's Street Footwear,19,154,2926,1463,0.5,Online
West Gear,1128299,2/28/2020,South,Oklahoma,Oklahoma City,Men's Athletic Footwear,19,73,1387,665.76,0.48,Online
West Gear,1128299,3/1/2020,South,Oklahoma,Oklahoma City,Women's Street Footwear,9,80,720,360,0.5,Online
West Gear,1128299,3/2/2020,South,Oklahoma,Oklahoma City,Women's Athletic Footwear,20,34,680,340,0.5,Online
West Gear,1128299,3/3/2020,South,Oklahoma,Oklahoma City,Women's Athletic Footwear,14,63,882,449.82,0.51,Online
West Gear,1128299,3/4/2020,South,Oklahoma,Oklahoma City,Men's Apparel,23,68,1564,703.8,0.45,Online
West Gear,1128299,3/5/2020,South,Oklahoma,Oklahoma City,Women's Apparel,28,91,2548,1324.96,0.52,Online
West Gear,1128299,3/6/2020,South,Oklahoma,Oklahoma City,Men's Street Footwear,29,137,3973,2145.42,0.54,Online
West Gear,1128299,3/7/2020,South,Oklahoma,Oklahoma City,Men's Athletic Footwear,19,88,1672,769.12,0.46,Online
West Gear,1128299,3/8/2020,South,Oklahoma,Oklahoma City,Women's Street Footwear,20,56,1120,571.2,0.51,Online
West Gear,1128299,3/9/2020,South,Oklahoma,Oklahoma City,Women's Athletic Footwear,18,52,936,486.72,0.52,Online
West Gear,1128299,3/10/2020,South,Oklahoma,Oklahoma City,Men's Athletic Footwear,23,91,2093,1025.57,0.49,Online
West Gear,1128299,3/11/2020,South,Oklahoma,Oklahoma City,Women's Street Footwear,14,88,1232,591.36,0.48,Online
West Gear,1128299,3/12/2020,South,Oklahoma,Oklahoma City,Women's Athletic Footwear,19,56,1064,521.36,0.49,Online
West Gear,1128299,3/13/2020,South,Oklahoma,Oklahoma City,Men's Apparel,33,65,2145,1029.6,0.48,Online
West Gear,1128299,3/14/2020,South,Oklahoma,Oklahoma City,Women's Apparel,23,102,2346,1173,0.5,Online
West Gear,1128299,4/18/2020,South,Oklahoma,Oklahoma City,Men's Street Footwear,23,162,3726,1751.22,0.47,Online
West Gear,1128299,4/19/2020,South,Oklahoma,Oklahoma City,Men's Athletic Footwear,23,65,1495,747.5,0.5,Online
West Gear,1128299,4/20/2020,South,Oklahoma,Oklahoma City,Women's Street Footwear,14,75,1050,514.5,0.49,Online
West Gear,1128299,4/21/2020,Midwest,Kansas,Wichita,Women's Athletic Footwear,20,42,840,378,0.45,Online
West Gear,1128299,4/22/2020,Midwest,Kansas,Wichita,Men's Apparel,32,68,2176,1044.48,0.48,Online
West Gear,1128299,4/23/2020,Midwest,Kansas,Wichita,Women's Apparel,18,98,1764,864.36,0.49,Online
West Gear,1128299,4/24/2020,Midwest,Kansas,Wichita,Men's Street Footwear,20,153,3060,1499.4,0.49,Online
West Gear,1128299,4/25/2020,Midwest,Kansas,Wichita,Men's Athletic Footwear,19,59,1121,526.87,0.47,Online
West Gear,1128299,4/26/2020,Midwest,Kansas,Wichita,Women's Street Footwear,9,75,675,310.5,0.46,Online
West Gear,1128299,4/27/2020,Midwest,Kansas,Wichita,Women's Athletic Footwear,20,26,520,249.6,0.48,Online
West Gear,1128299,4/28/2020,Midwest,Kansas,Wichita,Men's Street Footwear,56,189,10584,5292,0.5,Online
West Gear,1128299,4/29/2020,Midwest,Kansas,Wichita,Men's Athletic Footwear,51,111,5661,2547.45,0.45,Online
West Gear,1128299,4/30/2020,Midwest,Kansas,Wichita,Women's Street Footwear,47,102,4794,2397,0.5,Online
West Gear,1128299,5/1/2020,Midwest,Kansas,Wichita,Women's Apparel,37,72,2664,1465.2,0.55,Online
West Gear,1128299,5/2/2020,Midwest,Kansas,Wichita,Men's Street Footwear,37,158,5846,2923,0.5,Online
West Gear,1128299,5/3/2020,Midwest,Kansas,Wichita,Men's Athletic Footwear,39,47,1833,806.52,0.44,Online
West Gear,1128299,5/4/2020,Midwest,Kansas,Wichita,Women's Street Footwear,29,59,1711,735.73,0.43,Online
West Gear,1128299,5/5/2020,Midwest,South Dakota,Sioux Falls,Men's Athletic Footwear,39,42,1638,671.58,0.41,Online
West Gear,1128299,5/6/2020,Midwest,South Dakota,Sioux Falls,Women's Street Footwear,29,45,1305,522,0.4,Online
West Gear,1128299,5/7/2020,Midwest,South Dakota,Sioux Falls,Women's Athletic Footwear,34,20,680,292.4,0.43,Online
West Gear,1128299,5/8/2020,Midwest,South Dakota,Sioux Falls,Men's Apparel,56,29,1624,747.04,0.46,Online
West Gear,1128299,5/9/2020,Midwest,South Dakota,Sioux Falls,Women's Apparel,48,61,2928,1551.84,0.53,Online
West Gear,1128299,5/10/2020,Midwest,South Dakota,Sioux Falls,Men's Street Footwear,58,139,8062,3789.14,0.47,Online
West Gear,1128299,5/11/2020,Midwest,South Dakota,Sioux Falls,Men's Athletic Footwear,45,60,2700,1215,0.45,Online
West Gear,1128299,5/12/2020,Midwest,South Dakota,Sioux Falls,Women's Street Footwear,43,46,1978,830.76,0.42,Online
West Gear,1128299,5/13/2020,Midwest,South Dakota,Sioux Falls,Women's Athletic Footwear,43,26,1118,503.1,0.45,Online
West Gear,1128299,5/14/2020,Midwest,South Dakota,Sioux Falls,Men's Apparel,51,38,1938,969,0.5,Online
West Gear,1128299,5/15/2020,Midwest,South Dakota,Sioux Falls,Women's Apparel,58,68,3944,2011.44,0.51,Online
West Gear,1128299,5/16/2020,Midwest,South Dakota,Sioux Falls,Men's Street Footwear,41,135,5535,2546.1,0.46,Online
West Gear,1128299,5/17/2020,Midwest,South Dakota,Sioux Falls,Men's Athletic Footwear,39,70,2730,1092,0.4,Online
West Gear,1128299,5/18/2020,Midwest,South Dakota,Sioux Falls,Women's Street Footwear,43,57,2451,1078.44,0.44,Online
West Gear,1128299,5/19/2020,Midwest,South Dakota,Sioux Falls,Women's Athletic Footwear,43,44,1892,832.48,0.44,Online
West Gear,1128299,5/20/2020,Midwest,South Dakota,Sioux Falls,Men's Apparel,59,45,2655,1221.3,0.46,Online
West Gear,1128299,5/21/2020,Midwest,South Dakota,Sioux Falls,Women's Apparel,61,65,3965,1982.5,0.5,Online
West Gear,1128299,5/22/2020,Midwest,South Dakota,Sioux Falls,Men's Athletic Footwear,34,51,1734,745.62,0.43,Online
West Gear,1128299,5/23/2020,Midwest,South Dakota,Sioux Falls,Women's Street Footwear,24,68,1632,685.44,0.42,Online
West Gear,1128299,5/24/2020,Midwest,North Dakota,Fargo,Women's Athletic Footwear,29,30,870,391.5,0.45,Online
West Gear,1128299,5/25/2020,Midwest,North Dakota,Fargo,Men's Apparel,42,51,2142,1049.58,0.49,Online
West Gear,1128299,5/26/2020,Midwest,North Dakota,Fargo,Women's Apparel,23,69,1587,809.37,0.51,Online
West Gear,1128299,5/27/2020,Midwest,North Dakota,Fargo,Men's Street Footwear,29,134,3886,1826.42,0.47,Online
West Gear,1128299,5/28/2020,Midwest,North Dakota,Fargo,Men's Athletic Footwear,27,58,1566,657.72,0.42,Online
West Gear,1128299,5/29/2020,Midwest,North Dakota,Fargo,Women's Street Footwear,19,56,1064,446.88,0.42,Online
West Gear,1128299,6/2/2020,Midwest,North Dakota,Fargo,Women's Athletic Footwear,25,22,550,231,0.42,Online
West Gear,1128299,6/3/2020,Midwest,North Dakota,Fargo,Men's Apparel,36,36,1296,648,0.5,Online
West Gear,1128299,6/4/2020,Midwest,North Dakota,Fargo,Men's Street Footwear,49,116,5684,2671.48,0.47,Online
West Gear,1128299,6/26/2020,Midwest,North Dakota,Fargo,Men's Athletic Footwear,36,73,2628,1077.48,0.41,Online
West Gear,1128299,6/27/2020,Midwest,North Dakota,Fargo,Women's Street Footwear,39,39,1521,669.24,0.44,Online
West Gear,1128299,6/28/2020,Midwest,North Dakota,Fargo,Women's Athletic Footwear,38,33,1254,501.6,0.4,Online
West Gear,1128299,6/29/2020,Midwest,North Dakota,Fargo,Men's Apparel,45,34,1530,719.1,0.47,Online
West Gear,1128299,6/30/2020,Midwest,North Dakota,Fargo,Women's Apparel,53,73,3869,2050.57,0.53,Online
West Gear,1128299,7/1/2020,Midwest,North Dakota,Fargo,Men's Street Footwear,49,120,5880,2940,0.5,Online
West Gear,1128299,7/2/2020,Midwest,North Dakota,Fargo,Men's Athletic Footwear,36,73,2628,1182.6,0.45,Online
West Gear,1128299,7/3/2020,Midwest,North Dakota,Fargo,Women's Street Footwear,39,53,2067,909.48,0.44,Online
West Gear,1128299,7/4/2020,Midwest,Iowa,Des Moines,Women's Apparel,20,68,1360,720.8,0.53,Online
West Gear,1128299,7/5/2020,Midwest,Iowa,Des Moines,Men's Street Footwear,20,124,2480,1116,0.45,Online
West Gear,1128299,7/6/2020,Midwest,Iowa,Des Moines,Men's Athletic Footwear,18,49,882,432.18,0.49,Online
West Gear,1128299,7/7/2020,Midwest,Iowa,Des Moines,Women's Street Footwear,10,53,530,233.2,0.44,Online
West Gear,1128299,7/8/2020,Midwest,Iowa,Des Moines,Women's Athletic Footwear,15,28,420,189,0.45,Online
West Gear,1128299,7/9/2020,Midwest,Iowa,Des Moines,Men's Apparel,55,34,1870,1140.7,0.61,Online
West Gear,1128299,8/4/2020,Midwest,Iowa,Des Moines,Men's Apparel,48,51,2448,1468.8,0.6,Online
West Gear,1128299,8/5/2020,Midwest,Iowa,Des Moines,Women's Apparel,53,98,5194,2856.7,0.55,Online
Foot Locker,1185732,8/6/2020,Midwest,Iowa,Des Moines,Men's Street Footwear,34,133,4522,1808.8,0.4,Online
Foot Locker,1185732,8/7/2020,Midwest,Iowa,Des Moines,Men's Athletic Footwear,27,77,2079,977.13,0.47,Online
Foot Locker,1185732,8/8/2020,Midwest,Iowa,Des Moines,Women's Street Footwear,24,49,1176,470.4,0.4,Online
Foot Locker,1185732,8/9/2020,Midwest,Iowa,Des Moines,Women's Athletic Footwear,23,38,874,393.3,0.45,Online
Foot Locker,1185732,8/10/2020,Midwest,Iowa,Des Moines,Men's Apparel,34,45,1530,933.3,0.61,Online
Foot Locker,1185732,8/11/2020,Midwest,Iowa,Des Moines,Women's Apparel,36,61,2196,1098,0.5,Online
Foot Locker,1185732,8/12/2020,Midwest,Iowa,Des Moines,Men's Athletic Footwear,29,39,1131,554.19,0.49,Online
Foot Locker,1185732,8/13/2020,Midwest,Iowa,Des Moines,Women's Street Footwear,20,60,1200,516,0.43,Online
Foot Locker,1185732,8/14/2020,Midwest,Wisconsin,Milwaukee,Men's Apparel,44,53,2332,1422.52,0.61,Online
West Gear,1185732,8/15/2020,Midwest,Wisconsin,Milwaukee,Women's Apparel,47,90,4230,2157.3,0.51,Online
Foot Locker,1185732,8/16/2020,Midwest,Wisconsin,Milwaukee,Men's Street Footwear,32,160,5120,2252.8,0.44,Online
Foot Locker,1185732,8/17/2020,Midwest,Wisconsin,Milwaukee,Men's Athletic Footwear,27,90,2430,1190.7,0.49,Online
Foot Locker,1185732,4/24/2020,Midwest,Wisconsin,Milwaukee,Women's Street Footwear,24,52,1248,549.12,0.44,Online
West Gear,1185732,4/24/2020,Midwest,Wisconsin,Milwaukee,Women's Athletic Footwear,24,47,1128,462.48,0.41,Online
West Gear,1185732,4/24/2020,Midwest,Wisconsin,Milwaukee,Men's Apparel,34,46,1564,938.4,0.6,Online
West Gear,1185732,4/24/2020,Midwest,Wisconsin,Milwaukee,Women's Apparel,51,98,4998,2748.9,0.55,Online
West Gear,1185732,4/24/2020,Midwest,Wisconsin,Milwaukee,Men's Street Footwear,45,149,6705,2816.1,0.42,Online
West Gear,1185732,4/24/2020,Midwest,Wisconsin,Milwaukee,Men's Athletic Footwear,42,87,3654,1790.46,0.49,Online
West Gear,1185732,4/24/2020,Midwest,Wisconsin,Milwaukee,Women's Street Footwear,38,61,2318,996.74,0.43,Online
West Gear,1185732,4/24/2020,Midwest,Wisconsin,Milwaukee,Women's Athletic Footwear,38,51,1938,813.96,0.42,Online
West Gear,1185732,4/24/2020,Midwest,Wisconsin,Milwaukee,Men's Apparel,48,50,2400,1488,0.62,Online
West Gear,1185732,4/24/2020,Midwest,Wisconsin,Milwaukee,Men's Apparel,48,46,2208,1435.2,0.65,Online
West Gear,1185732,4/24/2020,Midwest,Wisconsin,Milwaukee,Women's Apparel,52,102,5304,2705.04,0.51,Online
West Gear,1185732,4/24/2020,Midwest,Wisconsin,Milwaukee,Men's Street Footwear,33,143,4719,1934.79,0.41,Online
West Gear,1185732,4/24/2020,Midwest,Wisconsin,Milwaukee,Men's Athletic Footwear,29,65,1885,848.25,0.45,Online
West Gear,1185732,9/7/2020,Midwest,Wisconsin,Milwaukee,Women's Street Footwear,24,44,1056,475.2,0.45,Online
West Gear,1185732,9/8/2020,Midwest,Wisconsin,Milwaukee,Women's Athletic Footwear,23,34,782,351.9,0.45,Online
West Gear,1185732,9/9/2020,Midwest,Indiana,Indianapolis,Women's Athletic Footwear,29,46,1334,626.98,0.47,Online
West Gear,1185732,9/10/2020,Midwest,Indiana,Indianapolis,Men's Apparel,36,53,1908,858.6,0.45,Online
West Gear,1185732,9/11/2020,Midwest,Indiana,Indianapolis,Women's Apparel,56,91,5096,2598.96,0.51,Online
West Gear,1185732,9/12/2020,Midwest,Indiana,Indianapolis,Men's Street Footwear,51,149,7599,4027.47,0.53,Online
West Gear,1185732,9/13/2020,Midwest,Indiana,Indianapolis,Men's Athletic Footwear,49,84,4116,2058,0.5,Online
West Gear,1185732,9/14/2020,Midwest,Indiana,Indianapolis,Women's Street Footwear,42,68,2856,1285.2,0.45,Online
West Gear,1185732,9/15/2020,Midwest,Indiana,Indianapolis,Women's Athletic Footwear,42,49,2058,967.26,0.47,Online
West Gear,1185732,9/16/2020,Midwest,Indiana,Indianapolis,Men's Apparel,51,50,2550,1071,0.42,Online
West Gear,1185732,9/17/2020,Midwest,Indiana,Indianapolis,Women's Apparel,54,101,5454,2781.54,0.51,Online
West Gear,1185732,9/18/2020,Midwest,Indiana,Indianapolis,Men's Street Footwear,47,152,7144,3929.2,0.55,Online
West Gear,1185732,9/19/2020,Midwest,Indiana,Indianapolis,Men's Athletic Footwear,41,87,3567,1926.18,0.54,Online
Foot Locker,1185732,9/20/2020,Midwest,Indiana,Indianapolis,Women's Street Footwear,37,56,2072,973.84,0.47,Online
Foot Locker,1185732,9/21/2020,Midwest,Indiana,Indianapolis,Women's Athletic Footwear,38,60,2280,1071.6,0.47,Online
Foot Locker,1185732,9/22/2020,Midwest,Indiana,Indianapolis,Men's Apparel,47,53,2491,1120.95,0.45,Online
Foot Locker,1185732,9/23/2020,Midwest,Indiana,Indianapolis,Men's Apparel,41,54,2214,1129.14,0.51,Online
Foot Locker,1185732,9/24/2020,Midwest,Indiana,Indianapolis,Women's Apparel,34,75,2550,1275,0.5,Online
Sports Direct,1185732,9/25/2020,Midwest,Indiana,Indianapolis,Men's Street Footwear,33,149,4917,2655.18,0.54,Online
Sports Direct,1185732,9/26/2020,Midwest,Indiana,Indianapolis,Men's Athletic Footwear,38,50,1900,1045,0.55,Online
Sports Direct,1185732,9/27/2020,Midwest,Indiana,Indianapolis,Women's Street Footwear,27,75,2025,1032.75,0.51,Online
Sports Direct,1185732,9/28/2020,Northeast,West Virginia,Charleston,Women's Apparel,47,94,4418,2253.18,0.51,Online
Foot Locker,1185732,11/4/2020,Northeast,West Virginia,Charleston,Men's Street Footwear,58,179,10382,5398.64,0.52,Online
Foot Locker,1185732,11/5/2020,Northeast,West Virginia,Charleston,Men's Athletic Footwear,37,87,3219,1641.69,0.51,Online
Foot Locker,1185732,11/6/2020,Northeast,West Virginia,Charleston,Women's Street Footwear,32,77,2464,1355.2,0.55,Online
Foot Locker,1185732,11/7/2020,Northeast,West Virginia,Charleston,Women's Athletic Footwear,33,50,1650,907.5,0.55,Online
Foot Locker,1185732,11/8/2020,Northeast,West Virginia,Charleston,Men's Apparel,42,68,2856,1542.24,0.54,Online
Foot Locker,1185732,11/9/2020,Northeast,West Virginia,Charleston,Women's Apparel,52,95,4940,2717,0.55,Online
Foot Locker,1185732,11/10/2020,Northeast,West Virginia,Charleston,Men's Street Footwear,43,150,6450,3354,0.52,Online
Foot Locker,1185732,11/11/2020,Northeast,West Virginia,Charleston,Men's Athletic Footwear,37,119,4403,2201.5,0.5,Online
Foot Locker,1185732,11/12/2020,Northeast,West Virginia,Charleston,Women's Street Footwear,33,81,2673,1443.42,0.54,Online
Foot Locker,1185732,11/13/2020,Northeast,West Virginia,Charleston,Women's Athletic Footwear,33,69,2277,1184.04,0.52,Online
Foot Locker,1185732,11/14/2020,Northeast,West Virginia,Charleston,Men's Apparel,41,74,3034,1668.7,0.55,Online
Foot Locker,1185732,11/15/2020,Northeast,West Virginia,Charleston,Men's Apparel,61,95,5795,2897.5,0.5,Online
Foot Locker,1185732,11/16/2020,Northeast,West Virginia,Charleston,Women's Apparel,68,122,8296,4562.8,0.55,Online
Foot Locker,1185732,11/17/2020,Northeast,West Virginia,Charleston,Men's Street Footwear,33,106,3498,1749,0.5,Online
Foot Locker,1185732,11/18/2020,Northeast,West Virginia,Charleston,Men's Athletic Footwear,34,68,2312,1086.64,0.47,Online
Foot Locker,1185732,11/19/2020,Northeast,West Virginia,Charleston,Women's Street Footwear,24,63,1512,695.52,0.46,Online
Foot Locker,1185732,11/20/2020,Northeast,West Virginia,Charleston,Women's Athletic Footwear,28,20,560,280,0.5,Online
Foot Locker,1185732,11/21/2020,Northeast,West Virginia,Charleston,Men's Apparel,42,33,1386,595.98,0.43,Online
Foot Locker,1185732,11/22/2020,Northeast,West Virginia,Charleston,Women's Apparel,33,59,1947,778.8,0.4,Online
Foot Locker,1185732,11/23/2020,Northeast,West Virginia,Charleston,Men's Street Footwear,32,138,4416,2340.48,0.53,Online
Foot Locker,1185732,11/24/2020,Northeast,West Virginia,Charleston,Men's Athletic Footwear,34,38,1292,594.32,0.46,Online
Foot Locker,1185732,11/25/2020,Northeast,West Virginia,Charleston,Women's Street Footwear,24,46,1104,518.88,0.47,Online
Foot Locker,1185732,11/26/2020,Northeast,Maryland,Baltimore,Women's Athletic Footwear,28,14,392,196,0.5,Online
Foot Locker,1185732,11/27/2020,Northeast,Maryland,Baltimore,Men's Apparel,41,31,1271,571.95,0.45,Online
Foot Locker,1185732,11/28/2020,Northeast,Maryland,Baltimore,Women's Apparel,34,63,2142,921.06,0.43,Online
Foot Locker,1185732,11/29/2020,Northeast,Maryland,Baltimore,Men's Street Footwear,32,125,4000,2120,0.53,Online
Foot Locker,1185732,12/18/2020,Northeast,Maryland,Baltimore,Women's Athletic Footwear,37,44,1628,814,0.5,Online
Foot Locker,1185732,12/19/2020,Northeast,Maryland,Baltimore,Men's Apparel,49,42,2058,905.52,0.44,Online
Foot Locker,1185732,12/20/2020,Northeast,Maryland,Baltimore,Women's Apparel,53,84,4452,2003.4,0.45,Online
Foot Locker,1185732,12/21/2020,Northeast,Maryland,Baltimore,Men's Athletic Footwear,44,63,2772,1247.4,0.45,Online
Foot Locker,1185732,12/22/2020,Northeast,Maryland,Baltimore,Women's Street Footwear,38,36,1368,684,0.5,Online
Foot Locker,1185732,12/23/2020,Northeast,Maryland,Baltimore,Women's Athletic Footwear,36,25,900,405,0.45,Online
Foot Locker,1185732,12/24/2020,Northeast,Maryland,Baltimore,Women's Apparel,60,52,3120,1248,0.4,Online
Foot Locker,1185732,12/25/2020,Northeast,Maryland,Baltimore,Men's Street Footwear,58,88,5104,2807.2,0.55,Online
Foot Locker,1185732,12/26/2020,Northeast,Maryland,Baltimore,Men's Athletic Footwear,45,51,2295,1078.65,0.47,Online
Foot Locker,1185732,12/27/2020,Northeast,Maryland,Baltimore,Women's Street Footwear,29,91,2639,1398.67,0.53,Online
Kohl's,1189833,12/28/2020,Northeast,Maryland,Baltimore,Women's Athletic Footwear,32,47,1504,827.2,0.55,Online
Kohl's,1189833,12/29/2020,Northeast,Maryland,Baltimore,Men's Apparel,49,59,2891,1214.22,0.42,Online
Kohl's,1189833,12/30/2020,Northeast,Maryland,Baltimore,Women's Apparel,36,81,2916,1487.16,0.51,Online
Kohl's,1189833,12/31/2020,Northeast,Maryland,Baltimore,Men's Street Footwear,39,144,5616,2808,0.5,Online
Kohl's,1189833,1/10/2021,Northeast,Maryland,Baltimore,Men's Athletic Footwear,37,61,2257,1038.22,0.46,Online
Kohl's,1189833,1/11/2021,Northeast,Maryland,Baltimore,Women's Street Footwear,27,69,1863,950.13,0.51,Online
Kohl's,1189833,1/12/2021,Northeast,Delaware,Wilmington,Men's Street Footwear,51,189,9639,4433.94,0.46,Online
Kohl's,1189833,1/13/2021,Northeast,Delaware,Wilmington,Men's Athletic Footwear,48,120,5760,2592,0.45,Online
Kohl's,1189833,1/14/2021,Northeast,Delaware,Wilmington,Women's Street Footwear,43,85,3655,1937.15,0.53,Online
Kohl's,1189833,1/15/2021,Northeast,Delaware,Wilmington,Women's Athletic Footwear,41,75,3075,1691.25,0.55,Online
Kohl's,1189833,1/16/2021,Northeast,Delaware,Wilmington,Men's Apparel,50,75,3750,1500,0.4,Online
Kohl's,1189833,1/17/2021,Northeast,Delaware,Wilmington,Women's Apparel,56,135,7560,4006.8,0.53,Online
Kohl's,1189833,1/18/2021,Northeast,Delaware,Wilmington,Men's Street Footwear,53,182,9646,4823,0.5,Online
Kohl's,1189833,1/19/2021,Northeast,Delaware,Wilmington,Men's Athletic Footwear,47,119,5593,2516.85,0.45,Online
Kohl's,1189833,1/20/2021,Northeast,Delaware,Wilmington,Women's Athletic Footwear,41,60,2460,1254.6,0.51,Online
Kohl's,1189833,1/21/2021,Northeast,Delaware,Wilmington,Men's Apparel,50,60,3000,1320,0.44,Online
Kohl's,1189833,1/22/2021,Northeast,Delaware,Wilmington,Women's Apparel,58,84,4872,2630.88,0.54,Online
Kohl's,1189833,1/23/2021,Northeast,Delaware,Wilmington,Men's Street Footwear,32,138,4416,2208,0.5,Online
Kohl's,1189833,1/24/2021,Northeast,Delaware,Wilmington,Men's Athletic Footwear,33,77,2541,1194.27,0.47,Online
Kohl's,1189833,1/25/2021,Northeast,Delaware,Wilmington,Women's Street Footwear,24,72,1728,881.28,0.51,Online
Kohl's,1189833,1/26/2021,Northeast,Delaware,Wilmington,Women's Athletic Footwear,27,38,1026,513,0.5,Online
Kohl's,1189833,1/27/2021,Northeast,Delaware,Wilmington,Men's Apparel,41,47,1927,770.8,0.4,Online
Kohl's,1189833,1/28/2021,Northeast,Delaware,Wilmington,Women's Apparel,33,69,2277,1252.35,0.55,Online
Kohl's,1189833,2/17/2021,Northeast,Delaware,Wilmington,Men's Street Footwear,34,147,4998,2399.04,0.48,Online
Kohl's,1189833,2/18/2021,Northeast,Delaware,Wilmington,Men's Athletic Footwear,32,53,1696,848,0.5,Online
Kohl's,1189833,2/19/2021,Northeast,Delaware,Wilmington,Women's Street Footwear,24,63,1512,771.12,0.51,Online
Kohl's,1189833,2/20/2021,Northeast,New Jersey,Newark,Women's Athletic Footwear,29,30,870,461.1,0.53,Online
Kohl's,1189833,2/21/2021,Northeast,New Jersey,Newark,Men's Apparel,41,47,1927,770.8,0.4,Online
Kohl's,1189833,2/22/2021,Northeast,New Jersey,Newark,Women's Apparel,32,74,2368,1255.04,0.53,Online
Kohl's,1189833,2/23/2021,Northeast,New Jersey,Newark,Men's Street Footwear,32,144,4608,2119.68,0.46,Online
Kohl's,1189833,2/24/2021,Northeast,New Jersey,Newark,Men's Athletic Footwear,32,58,1856,909.44,0.49,Online
Kohl's,1189833,2/25/2021,Northeast,New Jersey,Newark,Women's Street Footwear,24,59,1416,750.48,0.53,Online
Kohl's,1189833,2/26/2021,Northeast,New Jersey,Newark,Women's Athletic Footwear,27,22,594,308.88,0.52,Online
Kohl's,1189833,2/27/2021,Northeast,New Jersey,Newark,Men's Apparel,43,34,1462,657.9,0.45,Online
Kohl's,1189833,2/28/2021,Northeast,New Jersey,Newark,Women's Apparel,32,61,1952,976,0.5,Online
Kohl's,1189833,3/1/2021,Northeast,New Jersey,Newark,Men's Street Footwear,34,133,4522,2261,0.5,Online
Kohl's,1189833,3/2/2021,Northeast,New Jersey,Newark,Men's Athletic Footwear,33,51,1683,774.18,0.46,Online
Kohl's,1189833,3/3/2021,Northeast,New Jersey,Newark,Women's Street Footwear,24,51,1224,612,0.5,Online
Sports Direct,1197831,3/12/2021,Northeast,New Jersey,Newark,Women's Athletic Footwear,27,27,729,371.79,0.51,Online
Sports Direct,1197831,3/13/2021,Northeast,New Jersey,Newark,Men's Apparel,55,59,3245,1427.8,0.44,Online
Sports Direct,1197831,4/1/2021,Northeast,New Jersey,Newark,Women's Street Footwear,49,91,4459,2229.5,0.5,Online
Sports Direct,1197831,4/2/2021,Northeast,New Jersey,Newark,Women's Athletic Footwear,47,83,3901,1989.51,0.51,Online
Sports Direct,1197831,4/3/2021,Northeast,New Jersey,Newark,Men's Apparel,55,83,4565,2054.25,0.45,Online
Sports Direct,1197831,4/4/2021,Northeast,New Jersey,Newark,Women's Apparel,59,101,5959,3217.86,0.54,Online
Sports Direct,1197831,4/5/2021,Northeast,New Jersey,Newark,Men's Street Footwear,38,125,4750,2422.5,0.51,Online
Sports Direct,1197831,4/6/2021,Northeast,New Jersey,Newark,Men's Athletic Footwear,37,87,3219,1673.88,0.52,Online
Sports Direct,1197831,4/7/2021,Northeast,New Jersey,Newark,Women's Street Footwear,28,90,2520,1008,0.4,Online
Sports Direct,1197831,4/8/2021,Northeast,New Jersey,Newark,Women's Athletic Footwear,33,42,1386,609.84,0.44,Online
Sports Direct,1197831,4/9/2021,Northeast,New Jersey,Newark,Men's Apparel,49,60,2940,1205.4,0.41,Online
Sports Direct,1197831,4/10/2021,Northeast,New Jersey,Newark,Women's Apparel,37,81,2997,1498.5,0.5,Online
Sports Direct,1197831,4/11/2021,Northeast,New Jersey,Newark,Men's Street Footwear,39,149,5811,2905.5,0.5,Online
Sports Direct,1197831,5/5/2021,Northeast,New Jersey,Newark,Men's Athletic Footwear,37,54,1998,999,0.5,Online
Sports Direct,1197831,5/6/2021,Northeast,New Jersey,Newark,Women's Street Footwear,29,65,1885,848.25,0.45,Online
Sports Direct,1197831,5/7/2021,Northeast,Connecticut,Hartford,Women's Athletic Footwear,32,34,1088,478.72,0.44,Online
Sports Direct,1197831,5/8/2021,Northeast,Connecticut,Hartford,Men's Apparel,49,60,2940,1293.6,0.44,Online
Sports Direct,1197831,5/9/2021,Northeast,Connecticut,Hartford,Women's Apparel,39,84,3276,1474.2,0.45,Online
Sports Direct,1197831,5/10/2021,Northeast,Connecticut,Hartford,Men's Street Footwear,39,130,5070,2535,0.5,Online
Sports Direct,1197831,5/11/2021,Northeast,Connecticut,Hartford,Men's Athletic Footwear,38,56,2128,1149.12,0.54,Online
Sports Direct,1197831,5/12/2021,Northeast,Connecticut,Hartford,Women's Street Footwear,29,68,1972,887.4,0.45,Online
Sports Direct,1197831,5/13/2021,Northeast,Connecticut,Hartford,Women's Athletic Footwear,32,30,960,403.2,0.42,Online
Sports Direct,1197831,5/14/2021,Northeast,Connecticut,Hartford,Men's Apparel,48,39,1872,748.8,0.4,Online
Sports Direct,1197831,5/15/2021,Northeast,Connecticut,Hartford,Women's Apparel,38,73,2774,1359.26,0.49,Online
Sports Direct,1197831,5/16/2021,Northeast,Connecticut,Hartford,Men's Street Footwear,60,111,6660,3330,0.5,Online
Sports Direct,1197831,5/17/2021,Northeast,Connecticut,Hartford,Men's Athletic Footwear,51,84,4284,2227.68,0.52,Online
Sports Direct,1197831,5/18/2021,Northeast,Connecticut,Hartford,Women's Street Footwear,51,80,4080,1836,0.45,Online
Sports Direct,1197831,5/19/2021,Northeast,Connecticut,Hartford,Women's Athletic Footwear,50,80,4000,1680,0.42,Online
Sports Direct,1197831,5/20/2021,Northeast,Connecticut,Hartford,Women's Street Footwear,24,63,1512,831.6,0.55,Online
Foot Locker,1185732,5/21/2021,Northeast,Connecticut,Hartford,Women's Athletic Footwear,29,20,580,307.4,0.53,Online
Foot Locker,1185732,5/22/2021,Northeast,Connecticut,Hartford,Men's Apparel,44,33,1452,580.8,0.4,Online
Foot Locker,1185732,5/23/2021,Northeast,Connecticut,Hartford,Women's Apparel,33,63,2079,1122.66,0.54,Online
Foot Locker,1185732,5/24/2021,Northeast,Connecticut,Hartford,Men's Street Footwear,34,119,4046,1982.54,0.49,Online
Foot Locker,1185732,5/25/2021,Northeast,Connecticut,Hartford,Men's Athletic Footwear,34,36,1224,575.28,0.47,Online
Foot Locker,1185732,5/26/2021,Northeast,Connecticut,Hartford,Women's Street Footwear,24,49,1176,588,0.5,Online
Foot Locker,1185732,5/27/2021,Northeast,Rhode Island,Providence,Women's Athletic Footwear,29,13,377,203.58,0.54,Online
Foot Locker,1185732,6/13/2021,Northeast,Rhode Island,Providence,Men's Apparel,41,35,1435,588.35,0.41,Online
Foot Locker,1185732,6/14/2021,Northeast,Rhode Island,Providence,Women's Apparel,33,65,2145,1136.85,0.53,Online
Foot Locker,1185732,6/15/2021,Northeast,Rhode Island,Providence,Men's Street Footwear,34,111,3774,1887,0.5,Online
Foot Locker,1185732,6/16/2021,Northeast,Rhode Island,Providence,Men's Athletic Footwear,34,44,1496,673.2,0.45,Online
Foot Locker,1185732,6/17/2021,Northeast,Rhode Island,Providence,Women's Apparel,38,70,2660,1090.6,0.41,Online
Foot Locker,1185732,6/18/2021,Northeast,Rhode Island,Providence,Men's Street Footwear,36,140,5040,2066.4,0.41,Online
Foot Locker,1185732,6/19/2021,Northeast,Rhode Island,Providence,Men's Athletic Footwear,38,41,1558,654.36,0.42,Online
Foot Locker,1185732,6/20/2021,Northeast,Rhode Island,Providence,Women's Street Footwear,29,60,1740,661.2,0.38,Online
Foot Locker,1185732,6/21/2021,Northeast,Massachusetts,Boston,Women's Athletic Footwear,32,68,2176,826.88,0.38,Online
Foot Locker,1185732,6/22/2021,Northeast,Massachusetts,Boston,Men's Apparel,48,41,1968,747.84,0.38,Online
Foot Locker,1185732,6/23/2021,Northeast,Massachusetts,Boston,Women's Apparel,38,75,2850,1254,0.44,Online
Foot Locker,1185732,6/24/2021,Northeast,Massachusetts,Boston,Men's Street Footwear,38,127,4826,2123.44,0.44,Online
Foot Locker,1185732,6/25/2021,Northeast,Massachusetts,Boston,Men's Athletic Footwear,38,47,1786,803.7,0.45,Online
Foot Locker,1185732,6/26/2021,Northeast,Massachusetts,Boston,Women's Street Footwear,28,50,1400,546,0.39,Online
Foot Locker,1185732,6/27/2021,Northeast,Massachusetts,Boston,Women's Street Footwear,41,39,1599,591.63,0.37,Online
Foot Locker,1185732,6/28/2021,Northeast,Massachusetts,Boston,Women's Athletic Footwear,42,36,1512,604.8,0.4,Online
Foot Locker,1185732,6/29/2021,Northeast,Massachusetts,Boston,Men's Apparel,52,34,1768,636.48,0.36,Online
Foot Locker,1185732,7/20/2021,Northeast,Massachusetts,Boston,Women's Apparel,57,63,3591,1615.95,0.45,Online
Foot Locker,1185732,7/21/2021,Northeast,Massachusetts,Boston,Men's Street Footwear,57,120,6840,3078,0.45,Online
Foot Locker,1185732,7/22/2021,Northeast,Vermont,Burlington,Women's Athletic Footwear,47,90,4230,1903.5,0.45,Online
Foot Locker,1185732,7/23/2021,Northeast,Vermont,Burlington,Men's Apparel,58,81,4698,2349,0.5,Online
Foot Locker,1185732,7/24/2021,Northeast,Vermont,Burlington,Women's Apparel,62,117,7254,3772.08,0.52,Online
Foot Locker,1185732,7/25/2021,Northeast,Vermont,Burlington,Men's Street Footwear,54,182,9828,5601.96,0.57,Online
Foot Locker,1185732,7/26/2021,Northeast,Vermont,Burlington,Men's Apparel,66,51,3366,1615.68,0.48,Online
Foot Locker,1185732,7/27/2021,Northeast,Vermont,Burlington,Women's Apparel,71,81,5751,3048.03,0.53,Online
Foot Locker,1185732,7/28/2021,Northeast,Vermont,Burlington,Women's Street Footwear,39,90,3510,1544.4,0.44,Online
Foot Locker,1185732,7/29/2021,Northeast,New Hampshire,Manchester,Women's Athletic Footwear,42,58,2436,1047.48,0.43,Online
Foot Locker,1185732,7/30/2021,Northeast,New Hampshire,Manchester,Men's Apparel,56,83,4648,1998.64,0.43,Online
Foot Locker,1185732,7/31/2021,Northeast,New Hampshire,Manchester,Men's Street Footwear,59,169,9971,5284.63,0.53,Online
Sports Direct,1197831,8/1/2021,Northeast,New Hampshire,Manchester,Men's Athletic Footwear,56,123,6888,3512.88,0.51,Online
Sports Direct,1197831,8/2/2021,Northeast,New Hampshire,Manchester,Women's Street Footwear,53,88,4664,2052.16,0.44,Online
Sports Direct,1197831,8/3/2021,Northeast,New Hampshire,Manchester,Women's Athletic Footwear,52,91,4732,1987.44,0.42,Online
Sports Direct,1197831,8/4/2021,Northeast,New Hampshire,Manchester,Men's Apparel,60,94,5640,2425.2,0.43,Online
Amazon,1185732,11/1/2021,Northeast,New Hampshire,Manchester,Women's Apparel,66,138,9108,4280.76,0.47,Online
Amazon,1185732,11/2/2021,Northeast,New Hampshire,Manchester,Women's Apparel,74,117,8658,4242.42,0.49,Online
Amazon,1185732,11/3/2021,Northeast,New Hampshire,Manchester,Men's Street Footwear,52,145,7540,3468.4,0.46,Online
Amazon,1185732,11/4/2021,Northeast,New Hampshire,Manchester,Men's Athletic Footwear,50,84,4200,1974,0.47,Online
Amazon,1185732,11/5/2021,Northeast,New Hampshire,Manchester,Women's Street Footwear,44,90,3960,1386,0.35,Online
Amazon,1185732,11/6/2021,Northeast,New Hampshire,Manchester,Women's Athletic Footwear,49,39,1911,707.07,0.37,Online
Amazon,1185732,11/7/2021,Northeast,New Hampshire,Manchester,Men's Apparel,60,54,3240,1198.8,0.37,Online
Amazon,1185732,11/8/2021,Northeast,New Hampshire,Manchester,Women's Apparel,54,78,4212,1895.4,0.45,Online
Amazon,1185732,11/9/2021,Northeast,New Hampshire,Manchester,Men's Street Footwear,52,173,8996,4048.2,0.45,Online
Amazon,1185732,11/10/2021,Northeast,New Hampshire,Manchester,Men's Athletic Footwear,53,59,3127,1438.42,0.46,Online
Amazon,1185732,11/11/2021,Northeast,New Hampshire,Manchester,Women's Street Footwear,43,83,3569,1427.6,0.4,Online
Amazon,1185732,11/12/2021,Northeast,New York,New York,Men's Street Footwear,34,384,13056,6789.12,0.52,Outlet
Amazon,1185732,11/13/2021,Northeast,New York,New York,Men's Athletic Footwear,36,320,11520,4032,0.35,Outlet
Amazon,1185732,11/14/2021,Northeast,New York,New York,Women's Street Footwear,32,350,11200,4144,0.37,Outlet
Amazon,1185732,11/15/2021,Northeast,New York,New York,Women's Athletic Footwear,36,281,10116,3742.92,0.37,Outlet
Amazon,1185732,11/16/2021,Northeast,New York,New York,Men's Apparel,43,306,13158,4868.46,0.37,Outlet
Amazon,1185732,11/17/2021,Northeast,New York,New York,Men's Street Footwear,47,400,18800,9776,0.52,Outlet
Amazon,1185732,11/18/2021,Northeast,New York,New York,Men's Athletic Footwear,41,340,13940,4739.6,0.34,Outlet
Amazon,1185732,11/19/2021,Northeast,New York,New York,Women's Street Footwear,37,296,10952,4490.32,0.41,Outlet
Amazon,1185732,11/20/2021,Northeast,New York,New York,Women's Athletic Footwear,38,297,11286,4288.68,0.38,Outlet
Amazon,1185732,11/21/2021,Northeast,New York,New York,Men's Apparel,45,288,12960,4406.4,0.34,Outlet
Amazon,1185732,12/20/2021,Northeast,New York,New York,Women's Apparel,46,347,15962,5107.84,0.32,Outlet
Amazon,1185732,12/21/2021,Northeast,New York,New York,Men's Street Footwear,39,408,15912,8751.6,0.55,Outlet
Amazon,1185732,12/22/2021,Northeast,New York,New York,Men's Athletic Footwear,43,350,15050,4966.5,0.33,Outlet
Amazon,1185732,12/23/2021,Northeast,New York,New York,Women's Street Footwear,36,315,11340,4422.6,0.39,Outlet
Amazon,1185732,12/24/2021,Northeast,New York,New York,Women's Athletic Footwear,34,306,10404,4057.56,0.39,Outlet
Amazon,1185732,12/25/2021,Northeast,New York,New York,Men's Apparel,44,315,13860,5128.2,0.37,Outlet
Amazon,1185732,12/26/2021,Northeast,New York,New York,Women's Apparel,45,350,15750,4725,0.3,Outlet
Amazon,1185732,12/27/2021,Northeast,New York,New York,Men's Apparel,51,289,14739,4716.48,0.32,Outlet
Amazon,1185732,12/28/2021,South,Texas,Houston,Men's Street Footwear,23,306,7038,2604.06,0.37,Outlet
Amazon,1185732,12/29/2021,South,Texas,Houston,Men's Athletic Footwear,29,306,8874,3638.34,0.41,Outlet
Amazon,1185732,12/30/2021,South,Texas,Houston,Women's Street Footwear,24,232,5568,2060.16,0.37,Outlet
Amazon,1185732,12/31/2021,South,Texas,Houston,Women's Athletic Footwear,28,213,5964,2862.72,0.48,Outlet
Amazon,1185732,9/17/2021,South,Texas,Houston,Men's Apparel,34,179,6086,2069.24,0.34,Outlet
Amazon,1185732,10/19/2021,South,Texas,Houston,Women's Apparel,27,272,7344,4039.2,0.55,Outlet
Amazon,1185732,10/19/2021,South,Texas,Houston,Men's Street Footwear,24,315,7560,2948.4,0.39,Outlet
Amazon,1185732,10/19/2021,South,Texas,Houston,Men's Athletic Footwear,30,287,8610,3616.2,0.42,Outlet
Amazon,1185732,10/19/2021,South,Texas,Houston,Men's Athletic Footwear,31,306,9486,3794.4,0.4,Outlet
Amazon,1185732,10/19/2021,South,Texas,Houston,Women's Street Footwear,34,281,9554,3726.06,0.39,Outlet
Amazon,1185732,10/19/2021,South,Texas,Houston,Women's Athletic Footwear,36,230,8280,4140,0.5,Outlet
Amazon,1185732,11/18/2021,South,Texas,Houston,Men's Apparel,30,195,5850,1872,0.32,Outlet
Amazon,1185732,11/18/2021,South,Texas,Houston,Women's Apparel,44,289,12716,7248.12,0.57,Outlet
Amazon,1185732,11/18/2021,South,Texas,Houston,Men's Street Footwear,32,333,10656,4262.4,0.4,Outlet
Amazon,1185732,11/18/2021,South,Texas,Houston,Men's Athletic Footwear,34,333,11322,4755.24,0.42,Outlet
Amazon,1185732,11/18/2021,South,Texas,Houston,Women's Street Footwear,38,298,11324,4303.12,0.38,Outlet
Amazon,1185732,11/18/2021,South,Texas,Houston,Women's Athletic Footwear,36,210,7560,3931.2,0.52,Outlet
Amazon,1185732,1/24/2021,South,Texas,Houston,Men's Apparel,30,208,6240,2246.4,0.36,Outlet
Amazon,1185732,2/22/2021,South,Texas,Houston,Women's Apparel,41,306,12546,6900.3,0.55,Outlet
Amazon,1185732,2/22/2021,South,Texas,Houston,Men's Street Footwear,30,264,7920,3088.8,0.39,Outlet
Amazon,1185732,2/22/2021,South,Texas,Houston,Men's Athletic Footwear,33,248,8184,1882.32,0.23,Outlet
Amazon,1185732,2/22/2021,South,Texas,Houston,Women's Street Footwear,33,271,8943,3756.06,0.42,Outlet
Amazon,1185732,2/22/2021,South,Texas,Houston,Women's Athletic Footwear,35,219,7665,2759.4,0.36,Outlet
Amazon,1185732,2/22/2021,West,California,San Francisco,Men's Apparel,38,173,6574,3549.96,0.54,Outlet
Amazon,1185732,3/20/2021,West,California,San Francisco,Women's Apparel,36,233,8388,1761.48,0.21,Outlet
Amazon,1185732,3/20/2021,West,California,San Francisco,Men's Street Footwear,28,289,8092,3398.64,0.42,Outlet
Amazon,1185732,3/20/2021,West,California,San Francisco,Men's Athletic Footwear,36,239,8604,2151,0.25,Outlet
Amazon,1185732,3/20/2021,West,California,San Francisco,Women's Street Footwear,40,247,9880,4050.8,0.41,Outlet
Amazon,1185732,3/20/2021,West,California,San Francisco,Women's Athletic Footwear,39,190,7410,2519.4,0.34,Outlet
Amazon,1185732,3/20/2021,West,California,Los Angeles,Women's Athletic Footwear,36,176,6336,2471.04,0.39,Outlet
Amazon,1185732,4/21/2021,West,California,Los Angeles,Men's Apparel,36,128,4608,2718.72,0.59,Outlet
Amazon,1185732,4/21/2021,West,California,Los Angeles,Women's Apparel,33,194,6402,1472.46,0.23,Outlet
Amazon,1185732,4/21/2021,West,California,Los Angeles,Men's Street Footwear,31,248,7688,3536.48,0.46,Outlet
Amazon,1185732,4/21/2021,West,California,Los Angeles,Men's Athletic Footwear,34,210,7140,2070.6,0.29,Outlet
Amazon,1185732,4/21/2021,West,California,Los Angeles,Women's Street Footwear,38,206,7828,3679.16,0.47,Outlet
Amazon,1185732,4/21/2021,West,California,Los Angeles,Women's Athletic Footwear,31,173,5363,2037.94,0.38,Outlet
Amazon,1185732,5/20/2021,West,California,Los Angeles,Men's Apparel,38,149,5662,3453.82,0.61,Outlet
Amazon,1185732,5/20/2021,West,California,Los Angeles,Women's Apparel,49,198,9702,2619.54,0.27,Outlet
Amazon,1185732,5/20/2021,West,California,Los Angeles,Men's Street Footwear,32,240,7680,3609.6,0.47,Outlet
Amazon,1185732,5/20/2021,West,California,Los Angeles,Men's Athletic Footwear,34,221,7514,2254.2,0.3,Outlet
Amazon,1185732,5/20/2021,West,California,Los Angeles,Women's Street Footwear,36,215,7740,3483,0.45,Outlet
Amazon,1185732,5/20/2021,West,California,Los Angeles,Women's Athletic Footwear,33,193,6369,2420.22,0.38,Outlet
Amazon,1185732,6/22/2021,West,California,Los Angeles,Men's Apparel,38,140,5320,3138.8,0.59,Outlet
Amazon,1185732,6/22/2021,West,California,Los Angeles,Women's Apparel,43,206,8858,1948.76,0.22,Outlet
Amazon,1185732,6/22/2021,West,California,Los Angeles,Men's Apparel,43,219,9417,5838.54,0.62,Outlet
Amazon,1185732,6/22/2021,West,California,Los Angeles,Women's Apparel,44,232,10208,2552,0.25,Outlet
Amazon,1185732,6/22/2021,West,California,Los Angeles,Men's Street Footwear,36,147,5292,2381.4,0.45,Outlet
Amazon,1185732,6/22/2021,West,California,Los Angeles,Men's Athletic Footwear,31,91,2821,1156.61,0.41,Outlet
Amazon,1185732,7/20/2021,West,California,Los Angeles,Women's Street Footwear,24,94,2256,879.84,0.39,Outlet
Amazon,1185732,7/20/2021,West,California,Los Angeles,Women's Athletic Footwear,27,41,1107,509.22,0.46,Outlet
Amazon,1185732,7/20/2021,South,Texas,Dallas,Men's Apparel,26,113,2938,793.26,0.27,Outlet
Amazon,1185732,7/20/2021,South,Texas,Dallas,Women's Apparel,24,163,3912,1877.76,0.48,Outlet
Amazon,1185732,7/20/2021,South,Texas,Dallas,Men's Street Footwear,19,230,4370,1398.4,0.32,Outlet
Amazon,1185732,7/20/2021,South,Texas,Dallas,Men's Apparel,40,150,6000,2220,0.37,Outlet
Amazon,1185732,8/21/2021,South,Texas,Dallas,Women's Apparel,42,280,11760,6468,0.55,Outlet
Amazon,1185732,8/21/2021,South,Texas,Dallas,Men's Street Footwear,34,256,8704,3655.68,0.42,Outlet
Amazon,1185732,8/21/2021,South,Texas,Dallas,Men's Athletic Footwear,34,264,8976,3769.92,0.42,Outlet
Amazon,1185732,8/21/2021,South,Texas,Dallas,Women's Street Footwear,33,322,10626,4462.92,0.42,Outlet
Amazon,1185732,8/21/2021,South,Texas,Dallas,Women's Athletic Footwear,32,201,6432,3537.6,0.55,Outlet
Amazon,1185732,8/21/2021,South,Texas,Dallas,Men's Apparel,39,184,7176,2726.88,0.38,Outlet
Amazon,1185732,9/20/2021,South,Texas,Dallas,Women's Apparel,47,272,12784,7286.88,0.57,Outlet
Amazon,1185732,9/20/2021,South,Texas,Dallas,Men's Athletic Footwear,34,68,2312,901.68,0.39,Outlet
Amazon,1185732,9/20/2021,South,Texas,Dallas,Women's Street Footwear,28,72,2016,846.72,0.42,Outlet
Amazon,1185732,9/20/2021,South,Texas,Dallas,Women's Athletic Footwear,28,23,644,276.92,0.43,Outlet
Amazon,1185732,9/20/2021,Northeast,Pennsylvania,Philadelphia,Men's Apparel,42,41,1722,706.02,0.41,Outlet
Amazon,1185732,9/20/2021,Northeast,Pennsylvania,Philadelphia,Women's Apparel,32,70,2240,761.6,0.34,Outlet
Amazon,1185732,10/22/2021,Northeast,Pennsylvania,Philadelphia,Men's Street Footwear,32,166,5312,3187.2,0.6,Outlet
Amazon,1185732,10/22/2021,Northeast,Pennsylvania,Philadelphia,Men's Athletic Footwear,32,44,1408,563.2,0.4,Outlet
Amazon,1185732,10/22/2021,Northeast,Pennsylvania,Philadelphia,Women's Street Footwear,25,54,1350,607.5,0.45,Outlet
Amazon,1185732,10/22/2021,Northeast,Pennsylvania,Philadelphia,Men's Athletic Footwear,40,54,2160,712.8,0.33,Outlet
Amazon,1185732,10/22/2021,Northeast,Pennsylvania,Philadelphia,Women's Street Footwear,38,53,2014,745.18,0.37,Outlet
Amazon,1185732,10/22/2021,Northeast,Pennsylvania,Philadelphia,Women's Athletic Footwear,42,34,1428,571.2,0.4,Outlet
Amazon,1185732,11/21/2021,Northeast,Pennsylvania,Philadelphia,Men's Apparel,51,39,1989,735.93,0.37,Outlet
Amazon,1185732,11/21/2021,Northeast,Pennsylvania,Philadelphia,Women's Apparel,51,78,3978,1471.86,0.37,Outlet
Amazon,1185732,11/21/2021,Northeast,Pennsylvania,Philadelphia,Men's Street Footwear,49,170,8330,4748.1,0.57,Outlet
Amazon,1185732,11/21/2021,Northeast,Pennsylvania,Philadelphia,Men's Athletic Footwear,41,85,3485,1359.15,0.39,Outlet
Amazon,1185732,11/21/2021,Northeast,Pennsylvania,Philadelphia,Women's Street Footwear,42,54,2268,975.24,0.43,Outlet
Amazon,1185732,11/21/2021,Northeast,Pennsylvania,Philadelphia,Women's Athletic Footwear,43,53,2279,1071.13,0.47,Outlet
Amazon,1185732,12/20/2021,Northeast,Pennsylvania,Philadelphia,Men's Apparel,43,48,2064,866.88,0.42,Outlet
Amazon,1185732,12/20/2021,Northeast,Pennsylvania,Philadelphia,Women's Apparel,52,105,5460,1911,0.35,Outlet
Foot Locker,1128299,1/10/2021,Northeast,Pennsylvania,Philadelphia,Men's Street Footwear,49,175,8575,4887.75,0.57,Outlet
Foot Locker,1128299,1/10/2021,Northeast,Pennsylvania,Philadelphia,Men's Athletic Footwear,45,99,4455,1737.45,0.39,Outlet
Foot Locker,1128299,1/10/2021,Northeast,Pennsylvania,Philadelphia,Women's Street Footwear,43,72,3096,1331.28,0.43,Outlet
Foot Locker,1128299,1/10/2021,Northeast,Pennsylvania,Philadelphia,Women's Athletic Footwear,39,56,2184,1026.48,0.47,Outlet
Foot Locker,1128299,1/10/2021,Northeast,Pennsylvania,Philadelphia,Women's Street Footwear,36,140,5040,2368.8,0.47,Outlet
Foot Locker,1128299,1/10/2021,Northeast,Pennsylvania,Philadelphia,Women's Athletic Footwear,34,90,3060,1254.6,0.41,Outlet
Foot Locker,1128299,2/10/2021,West,Nevada,Las Vegas,Women's Apparel,39,124,4836,1257.36,0.26,Outlet
Foot Locker,1128299,2/10/2021,West,Nevada,Las Vegas,Men's Street Footwear,41,171,7011,2944.62,0.42,Outlet
Foot Locker,1128299,2/10/2021,West,Nevada,Las Vegas,Men's Athletic Footwear,46,116,5336,1547.44,0.29,Outlet
Foot Locker,1128299,2/10/2021,West,Nevada,Las Vegas,Women's Street Footwear,47,120,5640,2538,0.45,Outlet
Foot Locker,1128299,2/10/2021,West,Nevada,Las Vegas,Women's Athletic Footwear,40,90,3600,1476,0.41,Outlet
Foot Locker,1128299,2/10/2021,West,Nevada,Las Vegas,Men's Apparel,47,62,2914,1777.54,0.61,Outlet
Foot Locker,1128299,3/9/2021,West,Nevada,Las Vegas,Women's Apparel,54,123,6642,1793.34,0.27,Outlet
Foot Locker,1128299,3/9/2021,West,Nevada,Las Vegas,Men's Street Footwear,43,171,7353,3529.44,0.48,Outlet
Foot Locker,1128299,3/9/2021,West,Nevada,Las Vegas,Men's Athletic Footwear,43,120,5160,1806,0.35,Outlet
Foot Locker,1128299,3/9/2021,West,Nevada,Las Vegas,Women's Street Footwear,49,132,6468,3039.96,0.47,Outlet
Foot Locker,1128299,3/9/2021,West,Nevada,Las Vegas,Women's Athletic Footwear,47,105,4935,2270.1,0.46,Outlet
Foot Locker,1128299,3/9/2021,West,Nevada,Las Vegas,Men's Street Footwear,20,149,2980,1192,0.4,Outlet
Foot Locker,1128299,4/10/2021,West,Nevada,Las Vegas,Men's Athletic Footwear,31,145,4495,1123.75,0.25,Outlet
Foot Locker,1128299,4/10/2021,West,Nevada,Las Vegas,Women's Street Footwear,26,128,3328,1397.76,0.42,Outlet
Foot Locker,1128299,4/10/2021,West,Nevada,Las Vegas,Women's Athletic Footwear,26,96,2496,848.64,0.34,Outlet
Foot Locker,1128299,4/10/2021,South,Tennessee,Knoxville,Women's Street Footwear,14,204,2856,1313.76,0.46,Outlet
Foot Locker,1128299,4/10/2021,South,Tennessee,Knoxville,Women's Athletic Footwear,20,179,3580,1933.2,0.54,Outlet
Foot Locker,1128299,4/10/2021,South,Tennessee,Knoxville,Men's Athletic Footwear,33,213,7029,3303.63,0.47,Outlet
Foot Locker,1128299,5/11/2021,South,Tennessee,Knoxville,Women's Street Footwear,40,203,8120,4141.2,0.51,Outlet
Foot Locker,1128299,5/11/2021,South,Tennessee,Knoxville,Women's Athletic Footwear,40,136,5440,3100.8,0.57,Outlet
Foot Locker,1128299,5/11/2021,Southeast,Florida,Orlando,Women's Athletic Footwear,36,94,3384,1252.08,0.37,Outlet
Foot Locker,1128299,5/11/2021,Southeast,Florida,Orlando,Men's Apparel,44,62,2728,654.72,0.24,Outlet
Foot Locker,1128299,5/11/2021,Southeast,Florida,Orlando,Women's Apparel,33,124,4092,2086.92,0.51,Outlet
Foot Locker,1128299,5/11/2021,Southeast,Virginia,Richmond,Men's Athletic Footwear,44,85,3740,1533.4,0.41,Outlet
Walmart,1128299,9/11/2021,Southeast,Virginia,Richmond,Women's Street Footwear,41,114,4674,1729.38,0.37,Outlet
Walmart,1128299,9/11/2021,Southeast,Virginia,Richmond,Women's Athletic Footwear,32,68,2176,913.92,0.42,Outlet
Walmart,1128299,12/9/2021,Southeast,Virginia,Richmond,Men's Apparel,40,40,1600,672,0.42,Outlet
Walmart,1128299,12/9/2021,Southeast,Virginia,Richmond,Men's Street Footwear,26,256,6656,3660.8,0.55,Outlet
Sports Direct,1128299,12/9/2021,Southeast,Virginia,Richmond,Men's Athletic Footwear,27,153,4131,1858.95,0.45,Outlet
Sports Direct,1128299,12/9/2021,Southeast,Virginia,Richmond,Women's Street Footwear,17,170,2890,1040.4,0.36,Outlet
Sports Direct,1128299,12/9/2021,West,Utah,Salt Lake City,Women's Athletic Footwear,16,93,1488,624.96,0.42,Outlet
Sports Direct,1128299,12/9/2021,West,Utah,Salt Lake City,Men's Apparel,28,120,3360,1411.2,0.42,Outlet
Sports Direct,1128299,1/17/2021,West,Utah,Salt Lake City,Women's Apparel,18,149,2682,1475.1,0.55,Outlet
Sports Direct,1128299,1/17/2021,West,Utah,Salt Lake City,Men's Street Footwear,20,228,4560,1960.8,0.43,Outlet
Sports Direct,1128299,1/17/2021,West,Utah,Salt Lake City,Women's Athletic Footwear,15,124,1860,781.2,0.42,Outlet
Sports Direct,1128299,1/17/2021,West,Utah,Salt Lake City,Men's Apparel,28,123,3444,1308.72,0.38,Outlet
Sports Direct,1128299,1/17/2021,West,Oregon,Portland,Women's Athletic Footwear,29,64,1856,760.96,0.41,Outlet
Sports Direct,1128299,1/17/2021,West,Oregon,Portland,Men's Apparel,32,43,1376,605.44,0.44,Outlet
Sports Direct,1128299,2/17/2021,West,Oregon,Portland,Women's Apparel,28,98,2744,960.4,0.35,Outlet
Sports Direct,1128299,2/17/2021,West,Oregon,Portland,Men's Street Footwear,28,143,4004,1601.6,0.4,Outlet
Sports Direct,1128299,2/17/2021,West,Oregon,Portland,Men's Athletic Footwear,40,98,3920,1607.2,0.41,Outlet
Walmart,1128299,4/17/2021,West,Oregon,Portland,Women's Street Footwear,41,112,4592,1744.96,0.38,Outlet
Walmart,1128299,4/17/2021,West,Oregon,Portland,Women's Athletic Footwear,39,75,2925,1082.25,0.37,Outlet
Walmart,1128299,4/17/2021,West,Oregon,Portland,Men's Apparel,43,30,1290,567.6,0.44,Outlet
Walmart,1128299,4/17/2021,West,Oregon,Portland,Men's Athletic Footwear,37,179,6623,2516.74,0.38,Outlet
Walmart,1128299,4/17/2021,West,Oregon,Portland,Women's Street Footwear,37,109,4033,1492.21,0.37,Outlet
Walmart,1128299,5/18/2021,West,Oregon,Portland,Women's Athletic Footwear,34,114,3876,1511.64,0.39,Outlet
Walmart,1128299,7/16/2021,West,Oregon,Portland,Men's Apparel,40,93,3720,1674,0.45,Outlet
Walmart,1128299,7/16/2021,South,Louisiana,New Orleans,Women's Athletic Footwear,33,75,2475,1163.25,0.47,Outlet
Walmart,1128299,7/16/2021,South,Louisiana,New Orleans,Men's Apparel,33,53,1749,822.03,0.47,Outlet
Walmart,1128299,7/16/2021,South,Louisiana,New Orleans,Women's Apparel,32,131,4192,1551.04,0.37,Outlet
Walmart,1128299,7/16/2021,South,Louisiana,New Orleans,Men's Street Footwear,29,179,5191,2387.86,0.46,Outlet
Walmart,1128299,8/17/2021,South,Louisiana,New Orleans,Men's Athletic Footwear,38,120,4560,2006.4,0.44,Outlet
West Gear,1185732,1/12/2021,South,Louisiana,New Orleans,Women's Street Footwear,39,120,4680,2106,0.45,Outlet
West Gear,1185732,2/10/2021,South,Louisiana,New Orleans,Women's Athletic Footwear,43,96,4128,1775.04,0.43,Outlet
West Gear,1185732,2/10/2021,South,Louisiana,New Orleans,Men's Apparel,40,50,2000,1020,0.51,Outlet
West Gear,1185732,2/10/2021,South,Louisiana,New Orleans,Men's Street Footwear,33,175,5775,2425.5,0.42,Outlet
West Gear,1185732,4/9/2021,South,Louisiana,New Orleans,Men's Athletic Footwear,40,175,7000,3010,0.43,Outlet
West Gear,1185732,4/9/2021,South,Louisiana,New Orleans,Women's Street Footwear,30,96,2880,1324.8,0.46,Outlet
West Gear,1185732,4/9/2021,South,Louisiana,New Orleans,Women's Athletic Footwear,34,80,2720,1142.4,0.42,Outlet
West Gear,1185732,4/9/2021,South,Louisiana,New Orleans,Men's Apparel,41,83,3403,1633.44,0.48,Outlet
West Gear,1185732,4/9/2021,South,Louisiana,New Orleans,Women's Athletic Footwear,26,166,4316,1812.72,0.42,Outlet
West Gear,1185732,4/9/2021,South,Louisiana,New Orleans,Men's Apparel,28,111,3108,870.24,0.28,Outlet
West Gear,1185732,5/8/2021,South,Louisiana,New Orleans,Women's Apparel,23,147,3381,1690.5,0.5,Outlet
West Gear,1185732,7/8/2021,South,Louisiana,New Orleans,Men's Street Footwear,18,200,3600,1152,0.32,Outlet
West Gear,1185732,7/8/2021,South,Louisiana,New Orleans,Men's Athletic Footwear,28,180,5040,1663.2,0.33,Outlet
West Gear,1185732,8/9/2021,South,Louisiana,New Orleans,Women's Street Footwear,28,128,3584,1254.4,0.35,Outlet
West Gear,1185732,8/9/2021,West,Idaho,Boise,Women's Athletic Footwear,27,116,3132,1315.44,0.42,Outlet
West Gear,1185732,8/9/2021,West,Idaho,Boise,Men's Apparel,31,88,2728,818.4,0.3,Outlet
West Gear,1185732,8/9/2021,West,Idaho,Boise,Women's Apparel,26,135,3510,1825.2,0.52,Outlet
West Gear,1185732,8/9/2021,West,Idaho,Boise,Men's Street Footwear,21,200,4200,1554,0.37,Outlet
West Gear,1185732,11/9/2021,West,Idaho,Boise,Men's Athletic Footwear,27,188,5076,1979.64,0.39,Outlet
West Gear,1185732,12/8/2021,West,Idaho,Boise,Women's Street Footwear,20,135,2700,1026,0.38,Outlet
West Gear,1185732,12/8/2021,West,Idaho,Boise,Women's Athletic Footwear,26,112,2912,1368.64,0.47,Outlet
Kohl's,1185732,12/8/2021,West,Idaho,Boise,Men's Apparel,32,88,2816,985.6,0.35,Outlet
Kohl's,1185732,12/8/2021,West,Idaho,Boise,Women's Apparel,25,124,3100,1643,0.53,Outlet
Kohl's,1185732,12/8/2021,West,Idaho,Boise,Men's Street Footwear,15,215,3225,1354.5,0.42,Outlet
Kohl's,1185732,12/8/2021,West,Idaho,Boise,Men's Athletic Footwear,21,215,4515,1760.85,0.39,Outlet
Kohl's,1185732,1/14/2021,West,Idaho,Boise,Women's Street Footwear,19,162,3078,1138.86,0.37,Outlet
Kohl's,1185732,1/14/2021,West,Idaho,Boise,Women's Apparel,34,179,6086,3590.74,0.59,Outlet
Kohl's,1185732,1/14/2021,West,Idaho,Boise,Men's Street Footwear,27,203,5481,2521.26,0.46,Outlet
Kohl's,1185732,1/14/2021,West,Arizona,Phoenix,Men's Apparel,44,99,4356,1568.16,0.36,Outlet
Kohl's,1185732,1/14/2021,West,Arizona,Phoenix,Women's Apparel,39,140,5460,1528.8,0.28,Outlet
Kohl's,1185732,3/10/2021,West,Arizona,Phoenix,Women's Apparel,36,166,5976,1613.52,0.27,Outlet
Kohl's,1185732,3/10/2021,West,Arizona,Phoenix,Men's Street Footwear,27,173,4671,1868.4,0.4,Outlet
Kohl's,1185732,10/12/2021,West,Arizona,Phoenix,Men's Athletic Footwear,36,136,4896,2301.12,0.47,Outlet
Kohl's,1185732,10/12/2021,West,Arizona,Phoenix,Women's Street Footwear,35,132,4620,1848,0.4,Outlet
Kohl's,1185732,11/11/2021,West,New Mexico,Albuquerque,Women's Athletic Footwear,29,91,2639,976.43,0.37,Outlet
Kohl's,1185732,11/11/2021,West,New Mexico,Albuquerque,Men's Apparel,34,62,2108,674.56,0.32,Outlet
Kohl's,1185732,11/11/2021,West,New Mexico,Albuquerque,Women's Apparel,35,140,4900,1372,0.28,Outlet
Foot Locker,1128299,1/24/2021,West,New Mexico,Albuquerque,Men's Street Footwear,30,187,5610,2300.1,0.41,Outlet
Foot Locker,1128299,1/24/2021,West,New Mexico,Albuquerque,Men's Athletic Footwear,36,136,4896,2203.2,0.45,Outlet
Foot Locker,1128299,1/24/2021,West,New Mexico,Albuquerque,Women's Street Footwear,44,124,5456,2073.28,0.38,Outlet
Foot Locker,1128299,1/24/2021,West,New Mexico,Albuquerque,Women's Athletic Footwear,37,88,3256,1269.84,0.39,Outlet
Foot Locker,1128299,2/24/2021,West,New Mexico,Albuquerque,Men's Apparel,41,53,2173,695.36,0.32,Outlet
Foot Locker,1128299,2/24/2021,West,New Mexico,Albuquerque,Women's Apparel,44,131,5764,1786.84,0.31,Outlet
Foot Locker,1128299,2/24/2021,West,New Mexico,Albuquerque,Men's Street Footwear,41,165,6765,2841.3,0.42,Outlet
Foot Locker,1128299,2/24/2021,West,New Mexico,Albuquerque,Men's Athletic Footwear,43,109,4687,2156.02,0.46,Outlet
Foot Locker,1128299,2/24/2021,West,New Mexico,Albuquerque,Women's Apparel,57,131,7467,2314.77,0.31,Outlet
Foot Locker,1128299,2/24/2021,West,New Mexico,Albuquerque,Women's Street Footwear,28,120,3360,1377.6,0.41,Outlet
Foot Locker,1128299,3/23/2021,Southeast,Georgia,Atlanta,Women's Athletic Footwear,30,80,2400,1056,0.44,Outlet
Foot Locker,1128299,4/24/2021,Southeast,Georgia,Atlanta,Men's Apparel,34,60,2040,795.6,0.39,Outlet
Foot Locker,1128299,4/24/2021,Southeast,Georgia,Atlanta,Women's Apparel,51,157,8007,2322.03,0.29,Outlet
Foot Locker,1128299,4/24/2021,Southeast,Georgia,Atlanta,Men's Street Footwear,39,209,8151,3749.46,0.46,Outlet
Foot Locker,1128299,9/25/2021,Southeast,Georgia,Atlanta,Men's Athletic Footwear,44,200,8800,3696,0.42,Outlet
Foot Locker,1128299,9/25/2021,Southeast,Georgia,Atlanta,Women's Street Footwear,42,150,6300,2646,0.42,Outlet
Foot Locker,1128299,9/25/2021,Southeast,Georgia,Atlanta,Women's Athletic Footwear,42,149,6258,2816.1,0.45,Outlet
Foot Locker,1128299,9/25/2021,Southeast,Georgia,Atlanta,Men's Apparel,51,140,7140,2784.6,0.39,Outlet
Foot Locker,1128299,10/24/2021,Southeast,Georgia,Atlanta,Women's Apparel,50,128,6400,1856,0.29,Outlet
Foot Locker,1128299,10/24/2021,Southeast,Georgia,Atlanta,Men's Street Footwear,31,204,6324,2909.04,0.46,Outlet
Sports Direct,1185732,2/17/2021,South,Mississippi,Jackson,Women's Street Footwear,11,136,1496,703.12,0.47,Outlet
Sports Direct,1185732,2/17/2021,South,Mississippi,Jackson,Women's Athletic Footwear,15,85,1275,573.75,0.45,Outlet
Sports Direct,1185732,2/17/2021,South,Mississippi,Jackson,Men's Apparel,25,104,2600,962,0.37,Outlet
Sports Direct,1185732,3/15/2021,South,Mississippi,Jackson,Women's Apparel,26,160,4160,2329.6,0.56,Outlet
Sports Direct,1185732,3/15/2021,South,Mississippi,Jackson,Men's Street Footwear,24,216,5184,2384.64,0.46,Outlet
Sports Direct,1185732,3/15/2021,South,Mississippi,Jackson,Women's Street Footwear,11,140,1540,677.6,0.44,Outlet
Sports Direct,1185732,3/15/2021,South,Mississippi,Jackson,Women's Athletic Footwear,13,102,1326,623.22,0.47,Outlet
Sports Direct,1185732,3/15/2021,South,Mississippi,Jackson,Men's Apparel,26,123,3198,1215.24,0.38,Outlet
Sports Direct,1185732,7/15/2021,South,Mississippi,Jackson,Women's Apparel,18,158,2844,1222.92,0.43,Outlet
Sports Direct,1185732,7/15/2021,South,Mississippi,Jackson,Men's Street Footwear,17,210,3570,1606.5,0.45,Outlet
Sports Direct,1185732,7/15/2021,South,Mississippi,Jackson,Men's Athletic Footwear,17,112,1904,742.56,0.39,Outlet
Sports Direct,1185732,7/15/2021,South,Mississippi,Jackson,Women's Street Footwear,11,136,1496,628.32,0.42,Outlet
Sports Direct,1185732,8/16/2021,South,Arkansas,Little Rock,Women's Athletic Footwear,15,78,1170,549.9,0.47,Outlet
Sports Direct,1185732,8/16/2021,South,Arkansas,Little Rock,Men's Apparel,23,111,2553,944.61,0.37,Outlet
Sports Direct,1185732,8/16/2021,South,Arkansas,Little Rock,Women's Apparel,16,145,2320,974.4,0.42,Outlet
Sports Direct,1185732,8/16/2021,South,Arkansas,Little Rock,Men's Street Footwear,15,206,3090,1452.3,0.47,Outlet
Sports Direct,1185732,8/16/2021,South,Arkansas,Little Rock,Women's Athletic Footwear,13,74,962,413.66,0.43,Outlet
Sports Direct,1185732,8/16/2021,South,Arkansas,Little Rock,Men's Apparel,23,91,2093,858.13,0.41,Outlet
Sports Direct,1185732,9/15/2021,South,Arkansas,Little Rock,Women's Apparel,18,124,2232,1004.4,0.45,Outlet
Sports Direct,1185732,9/15/2021,South,Arkansas,Little Rock,Men's Street Footwear,18,206,3708,1631.52,0.44,Outlet
Sports Direct,1185732,9/15/2021,South,Arkansas,Little Rock,Men's Athletic Footwear,17,83,1411,550.29,0.39,Outlet
Foot Locker,1185732,12/15/2021,South,Arkansas,Little Rock,Women's Street Footwear,12,98,1176,552.72,0.47,Outlet
Foot Locker,1185732,1/18/2021,South,Oklahoma,Oklahoma City,Women's Athletic Footwear,15,58,870,400.2,0.46,Outlet
Foot Locker,1185732,1/18/2021,South,Oklahoma,Oklahoma City,Men's Apparel,24,85,2040,816,0.4,Outlet
Foot Locker,1185732,1/18/2021,South,Oklahoma,Oklahoma City,Women's Apparel,14,112,1568,721.28,0.46,Outlet
Foot Locker,1185732,1/18/2021,South,Oklahoma,Oklahoma City,Men's Street Footwear,14,182,2548,1172.08,0.46,Outlet
Foot Locker,1185732,1/18/2021,South,Oklahoma,Oklahoma City,Men's Athletic Footwear,15,78,1170,479.7,0.41,Outlet
Foot Locker,1185732,1/18/2021,South,Oklahoma,Oklahoma City,Women's Street Footwear,7,83,581,261.45,0.45,Outlet
Foot Locker,1185732,2/18/2021,South,Oklahoma,Oklahoma City,Women's Athletic Footwear,16,39,624,293.28,0.47,Outlet
Foot Locker,1185732,2/18/2021,South,Oklahoma,Oklahoma City,Men's Apparel,26,61,1586,666.12,0.42,Outlet
Foot Locker,1185732,2/18/2021,South,Oklahoma,Oklahoma City,Women's Apparel,18,88,1584,728.64,0.46,Outlet
Foot Locker,1185732,5/19/2021,South,Oklahoma,Oklahoma City,Men's Street Footwear,20,184,3680,1692.8,0.46,Outlet
Foot Locker,1185732,5/19/2021,South,Oklahoma,Oklahoma City,Men's Athletic Footwear,18,79,1422,554.58,0.39,Outlet
Foot Locker,1185732,5/19/2021,South,Oklahoma,Oklahoma City,Women's Athletic Footwear,37,90,3330,1565.1,0.47,Outlet
Foot Locker,1185732,5/19/2021,South,Oklahoma,Oklahoma City,Men's Apparel,60,85,5100,2040,0.4,Outlet
Foot Locker,1185732,5/19/2021,South,Oklahoma,Oklahoma City,Women's Apparel,60,128,7680,3302.4,0.43,Outlet
Foot Locker,1185732,5/19/2021,South,Oklahoma,Oklahoma City,Men's Street Footwear,55,200,11000,4620,0.42,Outlet
Foot Locker,1185732,6/18/2021,Northeast,Connecticut,Hartford,Women's Athletic Footwear,24,39,936,308.88,0.33,Outlet
Foot Locker,1185732,6/18/2021,Northeast,Connecticut,Hartford,Men's Apparel,39,66,2574,952.38,0.37,Outlet
Foot Locker,1185732,6/18/2021,Northeast,Connecticut,Hartford,Women's Apparel,32,96,3072,1198.08,0.39,Outlet
Foot Locker,1185732,6/18/2021,Northeast,Connecticut,Hartford,Men's Street Footwear,26,182,4732,2034.76,0.43,Outlet
Foot Locker,1185732,6/18/2021,Northeast,Connecticut,Hartford,Men's Athletic Footwear,32,68,2176,979.2,0.45,Outlet
Foot Locker,1185732,6/18/2021,Northeast,Connecticut,Hartford,Women's Street Footwear,23,75,1725,552,0.32,Outlet
Foot Locker,1185732,7/17/2021,Northeast,Connecticut,Hartford,Women's Athletic Footwear,27,34,918,293.76,0.32,Outlet
Foot Locker,1185732,7/17/2021,Northeast,Connecticut,Hartford,Men's Apparel,39,53,2067,702.78,0.34,Outlet
Foot Locker,1185732,11/18/2021,Northeast,Rhode Island,Providence,Women's Street Footwear,17,56,952,447.44,0.47,Outlet
Foot Locker,1185732,11/18/2021,Northeast,Rhode Island,Providence,Men's Apparel,37,40,1480,532.8,0.36,Outlet
Foot Locker,1185732,12/17/2021,Northeast,Rhode Island,Providence,Women's Apparel,38,96,3648,1714.56,0.47,Outlet
Foot Locker,1185732,12/17/2021,Northeast,Rhode Island,Providence,Men's Street Footwear,39,128,4992,2096.64,0.42,Outlet
West Gear,1185732,12/17/2021,Northeast,Rhode Island,Providence,Men's Athletic Footwear,30,79,2370,876.9,0.37,Outlet
West Gear,1185732,12/17/2021,Northeast,Rhode Island,Providence,Women's Street Footwear,29,39,1131,486.33,0.43,Outlet
West Gear,1185732,12/17/2021,Northeast,Rhode Island,Providence,Women's Athletic Footwear,30,32,960,441.6,0.46,Outlet
West Gear,1185732,12/17/2021,Northeast,Rhode Island,Providence,Men's Apparel,34,33,1122,403.92,0.36,Outlet
West Gear,1185732,1/11/2021,Northeast,Rhode Island,Providence,Women's Apparel,41,64,2624,1180.8,0.45,Outlet
West Gear,1185732,1/11/2021,Northeast,Rhode Island,Providence,Men's Street Footwear,37,113,4181,1714.21,0.41,Outlet
West Gear,1185732,1/11/2021,Northeast,Rhode Island,Providence,Men's Athletic Footwear,38,68,2584,981.92,0.38,Outlet
West Gear,1185732,1/11/2021,Northeast,Rhode Island,Providence,Women's Street Footwear,40,30,1200,528,0.44,Outlet
West Gear,1185732,1/11/2021,Northeast,Rhode Island,Providence,Women's Athletic Footwear,39,23,897,403.65,0.45,Outlet
West Gear,1185732,1/11/2021,Northeast,Rhode Island,Providence,Men's Apparel,40,23,920,303.6,0.33,Outlet
West Gear,1185732,2/11/2021,Northeast,Rhode Island,Providence,Women's Apparel,47,66,3102,1364.88,0.44,Outlet
West Gear,1185732,2/11/2021,Northeast,Rhode Island,Providence,Men's Street Footwear,40,105,4200,1764,0.42,Outlet
West Gear,1185732,2/11/2021,Northeast,Rhode Island,Providence,Men's Athletic Footwear,40,74,2960,1243.2,0.42,Outlet
West Gear,1185732,2/11/2021,Northeast,Rhode Island,Providence,Women's Street Footwear,37,68,2516,1132.2,0.45,Outlet
West Gear,1185732,3/10/2021,Northeast,Massachusetts,Boston,Men's Apparel,36,53,1908,515.16,0.27,Outlet
West Gear,1185732,3/10/2021,Northeast,Massachusetts,Boston,Women's Apparel,30,80,2400,768,0.32,Outlet
West Gear,1185732,3/10/2021,Northeast,Massachusetts,Boston,Men's Street Footwear,28,155,4340,1475.6,0.34,Outlet
West Gear,1185732,3/10/2021,Northeast,Massachusetts,Boston,Men's Athletic Footwear,31,61,1891,642.94,0.34,Outlet
West Gear,1185732,3/10/2021,Northeast,Massachusetts,Boston,Women's Street Footwear,23,60,1380,441.6,0.32,Outlet
West Gear,1185732,3/10/2021,Northeast,Massachusetts,Boston,Men's Apparel,41,80,3280,1016.8,0.31,Outlet
West Gear,1185732,4/11/2021,Northeast,Massachusetts,Boston,Men's Athletic Footwear,35,88,3080,1139.6,0.37,Outlet
West Gear,1185732,4/11/2021,Northeast,Massachusetts,Boston,Women's Street Footwear,30,47,1410,423,0.3,Outlet
West Gear,1185732,4/11/2021,Northeast,Massachusetts,Boston,Women's Athletic Footwear,34,39,1326,358.02,0.27,Outlet
West Gear,1185732,4/11/2021,Northeast,Massachusetts,Boston,Men's Street Footwear,35,179,6265,3257.8,0.52,Outlet
West Gear,1185732,4/11/2021,Northeast,Massachusetts,Boston,Men's Athletic Footwear,36,107,3852,1887.48,0.49,Outlet
West Gear,1185732,4/11/2021,Northeast,Massachusetts,Boston,Women's Street Footwear,27,101,2727,1090.8,0.4,Outlet
West Gear,1185732,5/12/2021,Northeast,Massachusetts,Boston,Women's Athletic Footwear,29,53,1537,599.43,0.39,Outlet
West Gear,1185732,5/12/2021,Northeast,Massachusetts,Boston,Men's Apparel,37,70,2590,1061.9,0.41,Outlet
West Gear,1185732,5/12/2021,Northeast,Massachusetts,Boston,Women's Apparel,34,104,3536,1520.48,0.43,Outlet
West Gear,1185732,5/12/2021,Northeast,Massachusetts,Boston,Men's Street Footwear,33,184,6072,2853.84,0.47,Outlet
West Gear,1185732,5/12/2021,Northeast,Massachusetts,Boston,Men's Athletic Footwear,33,72,2376,1116.72,0.47,Outlet
West Gear,1185732,5/12/2021,Northeast,Massachusetts,Boston,Women's Street Footwear,25,85,2125,850,0.4,Outlet
West Gear,1185732,6/11/2021,Northeast,Vermont,Burlington,Women's Athletic Footwear,30,48,1440,547.2,0.38,Outlet
West Gear,1185732,6/11/2021,Northeast,Vermont,Burlington,Men's Apparel,36,68,2448,954.72,0.39,Outlet
West Gear,1185732,6/11/2021,Northeast,Vermont,Burlington,Women's Apparel,35,107,3745,1760.15,0.47,Outlet
West Gear,1185732,6/11/2021,Northeast,Vermont,Burlington,Women's Apparel,57,128,7296,3429.12,0.47,Outlet
West Gear,1185732,6/11/2021,Northeast,Vermont,Burlington,Men's Street Footwear,48,186,8928,4285.44,0.48,Outlet
West Gear,1185732,6/11/2021,Northeast,Vermont,Burlington,Men's Athletic Footwear,39,111,4329,1861.47,0.43,Outlet
West Gear,1185732,7/10/2021,Northeast,Vermont,Burlington,Women's Street Footwear,28,101,2828,1018.08,0.36,Outlet
West Gear,1185732,7/10/2021,Northeast,Vermont,Burlington,Women's Athletic Footwear,36,60,2160,691.2,0.32,Outlet
West Gear,1128299,1/24/2021,Northeast,Vermont,Burlington,Men's Apparel,43,74,3182,1050.06,0.33,Outlet
West Gear,1128299,1/24/2021,Northeast,Vermont,Burlington,Women's Apparel,35,101,3535,1414,0.4,Outlet
West Gear,1128299,1/24/2021,Northeast,Vermont,Burlington,Men's Street Footwear,34,186,6324,2782.56,0.44,Outlet
West Gear,1128299,1/24/2021,Northeast,Vermont,Burlington,Men's Athletic Footwear,37,85,3145,1352.35,0.43,Outlet
West Gear,1128299,1/24/2021,Northeast,Vermont,Burlington,Women's Street Footwear,31,96,2976,1011.84,0.34,Outlet
West Gear,1128299,2/24/2021,Northeast,New Hampshire,Manchester,Women's Athletic Footwear,31,68,2108,716.72,0.34,Outlet
West Gear,1128299,2/24/2021,Northeast,New Hampshire,Manchester,Men's Apparel,41,96,3936,1298.88,0.33,Outlet
West Gear,1128299,2/24/2021,Northeast,New Hampshire,Manchester,Women's Apparel,36,124,4464,1785.6,0.4,Outlet
West Gear,1128299,2/24/2021,Northeast,New Hampshire,Manchester,Men's Apparel,48,70,3360,1209.6,0.36,Outlet
West Gear,1128299,2/24/2021,Northeast,New Hampshire,Manchester,Women's Apparel,53,104,5512,2039.44,0.37,Outlet
West Gear,1128299,2/24/2021,Northeast,New Hampshire,Manchester,Men's Street Footwear,52,162,8424,3538.08,0.42,Outlet
West Gear,1128299,3/23/2021,Northeast,New Hampshire,Manchester,Men's Athletic Footwear,44,99,4356,1916.64,0.44,Outlet
West Gear,1128299,3/23/2021,Northeast,New Hampshire,Manchester,Women's Street Footwear,52,60,3120,1029.6,0.33,Outlet
West Gear,1128299,3/23/2021,Northeast,New Hampshire,Manchester,Women's Athletic Footwear,44,61,2684,858.88,0.32,Outlet
West Gear,1128299,3/23/2021,Northeast,New Hampshire,Manchester,Men's Apparel,50,58,2900,928,0.32,Outlet
West Gear,1128299,3/23/2021,Northeast,New Hampshire,Manchester,Women's Street Footwear,29,83,2407,649.89,0.27,Outlet
